%% This BibTeX bibliography file was created using BibDesk.
%% http://bibdesk.sourceforge.net/

%% Created for 付伟杰 at 2019-09-27 16:11:17 +0800 


%% Saved with string encoding Unicode (UTF-8) 



@article{fQCD,
	Author = {Braun, Jens and Fu, Wei-jie and Huang, Chuang and Ihssen, Friederike and Horak, Jan and Leonhardt, Marc and Pawlowski, Jan M. and Pospiech, Martin and Rennecke, Fabian and Schneider, Coralie and Wen, Rui and Wink, Nicolas and Yin, Shi},
	Date-Added = {2019-09-25 22:11:56 +0800},
	Date-Modified = {2019-09-25 22:11:56 +0800},
	Year = {2019}}

@article{Tripolt:2013zfa,
	Archiveprefix = {arXiv},
	Author = {Tripolt, Ralf-Arno and Braun, Jens and Klein, Bertram and Schaefer, Bernd-Jochen},
	Date-Added = {2019-09-24 21:24:48 +0800},
	Date-Modified = {2019-09-24 21:24:48 +0800},
	Doi = {10.1103/PhysRevD.90.054012},
	Eprint = {1308.0164},
	Journal = {Phys. Rev.},
	Number = {5},
	Pages = {054012},
	Primaryclass = {hep-ph},
	Slaccitation = {%%CITATION = ARXIV:1308.0164;%%},
	Title = {{Effect of fluctuations on the QCD critical point in a finite volume}},
	Volume = {D90},
	Year = {2014},
	Bdsk-Url-1 = {https://doi.org/10.1103/PhysRevD.90.054012}}

@article{Tripolt:2017zgc,
	Archiveprefix = {arXiv},
	Author = {Tripolt, Ralf-Arno and Schaefer, Bernd-Jochen and von Smekal, Lorenz and Wambach, Jochen},
	Date-Added = {2019-09-24 21:21:04 +0800},
	Date-Modified = {2019-09-24 21:21:04 +0800},
	Doi = {10.1103/PhysRevD.97.034022},
	Eprint = {1709.05991},
	Journal = {Phys. Rev.},
	Number = {3},
	Pages = {034022},
	Primaryclass = {hep-ph},
	Slaccitation = {%%CITATION = ARXIV:1709.05991;%%},
	Title = {{Low-temperature behavior of the quark-meson model}},
	Volume = {D97},
	Year = {2018},
	Bdsk-Url-1 = {https://doi.org/10.1103/PhysRevD.97.034022}}

@article{Braun:2011iz,
	Archiveprefix = {arXiv},
	Author = {Braun, Jens and Klein, Bertram and Schaefer, Bernd-Jochen},
	Date-Added = {2019-09-24 21:19:19 +0800},
	Date-Modified = {2019-09-24 21:19:19 +0800},
	Doi = {10.1016/j.physletb.2012.05.053},
	Eprint = {1110.0849},
	Journal = {Phys. Lett.},
	Pages = {216-223},
	Primaryclass = {hep-ph},
	Slaccitation = {%%CITATION = ARXIV:1110.0849;%%},
	Title = {{On the Phase Structure of QCD in a Finite Volume}},
	Volume = {B713},
	Year = {2012},
	Bdsk-Url-1 = {https://doi.org/10.1016/j.physletb.2012.05.053}}

@article{Fu:2019hdw,
	Archiveprefix = {arXiv},
	Author = {Fu, Wei-jie and Pawlowski, Jan M. and Rennecke, Fabian},
	Date-Added = {2019-09-23 15:16:10 +0800},
	Date-Modified = {2019-09-23 15:16:10 +0800},
	Eprint = {1909.02991},
	Primaryclass = {hep-ph},
	Slaccitation = {%%CITATION = ARXIV:1909.02991;%%},
	Title = {{The QCD phase structure at finite temperature and density}},
	Year = {2019}}

@article{Ding:2019prx,
	Archiveprefix = {arXiv},
	Author = {Ding, H. T. and others},
	Date-Added = {2019-09-22 23:03:03 +0800},
	Date-Modified = {2019-09-22 23:03:03 +0800},
	Doi = {10.1103/PhysRevLett.123.062002},
	Eprint = {1903.04801},
	Journal = {Phys. Rev. Lett.},
	Number = {6},
	Pages = {062002},
	Primaryclass = {hep-lat},
	Slaccitation = {%%CITATION = ARXIV:1903.04801;%%},
	Title = {{Chiral Phase Transition Temperature in ( 2+1 )-Flavor QCD}},
	Volume = {123},
	Year = {2019},
	Bdsk-Url-1 = {https://doi.org/10.1103/PhysRevLett.123.062002}}

@article{Li:2017via,
	Archiveprefix = {arXiv},
	Author = {Li, Jixing and Xu, Hao-jie and Song, Huichao},
	Date-Added = {2019-09-19 17:34:00 +0800},
	Date-Modified = {2019-09-19 17:34:00 +0800},
	Doi = {10.1103/PhysRevC.97.014902},
	Eprint = {1707.09742},
	Journal = {Phys. Rev.},
	Number = {1},
	Pages = {014902},
	Primaryclass = {nucl-th},
	Slaccitation = {%%CITATION = ARXIV:1707.09742;%%},
	Title = {{Noncritical fluctuations of (net) charges and (net) protons from the iEBE-VISHNU hybrid model}},
	Volume = {C97},
	Year = {2018},
	Bdsk-Url-1 = {https://doi.org/10.1103/PhysRevC.97.014902}}

@article{Rajagopal:2019xwg,
	Archiveprefix = {arXiv},
	Author = {Rajagopal, Krishna and Ridgway, Gregory and Weller, Ryan and Yin, Yi},
	Date-Added = {2019-09-19 17:28:22 +0800},
	Date-Modified = {2019-09-19 17:28:22 +0800},
	Eprint = {1908.08539},
	Primaryclass = {hep-ph},
	Reportnumber = {MIT-CTP-5142},
	Slaccitation = {%%CITATION = ARXIV:1908.08539;%%},
	Title = {{Hydro+ in Action: Understanding the Out-of-Equilibrium Dynamics Near a Critical Point in the QCD Phase Diagram}},
	Year = {2019}}

@article{Bazavov:2018mes,
	Archiveprefix = {arXiv},
	Author = {Bazavov, A. and others},
	Collaboration = {HotQCD},
	Date-Added = {2019-09-06 14:49:24 +0800},
	Date-Modified = {2019-09-06 14:49:24 +0800},
	Doi = {10.1016/j.physletb.2019.05.013},
	Eprint = {1812.08235},
	Journal = {Phys. Lett.},
	Pages = {15-21},
	Primaryclass = {hep-lat},
	Slaccitation = {%%CITATION = ARXIV:1812.08235;%%},
	Title = {{Chiral crossover in QCD at zero and non-zero chemical potentials}},
	Volume = {B795},
	Year = {2019},
	Bdsk-Url-1 = {https://doi.org/10.1016/j.physletb.2019.05.013}}

@article{Fu:2018wxq,
	Archiveprefix = {arXiv},
	Author = {Fu, Wei-Jie},
	Date-Added = {2019-09-06 14:30:22 +0800},
	Date-Modified = {2019-09-06 14:30:22 +0800},
	Doi = {10.1088/1674-1137/43/7/074101},
	Eprint = {1801.03213},
	Journal = {Chin. Phys.},
	Number = {7},
	Pages = {074101},
	Primaryclass = {hep-ph},
	Slaccitation = {%%CITATION = ARXIV:1801.03213;%%},
	Title = {{Chiral criticality and glue dynamics}},
	Volume = {C43},
	Year = {2019},
	Bdsk-Url-1 = {https://doi.org/10.1088/1674-1137/43/7/074101}}

@article{Li:2019nzj,
	Archiveprefix = {arXiv},
	Author = {Li, Xiang and Fu, Wei-Jie and Liu, Yu-Xin},
	Date-Added = {2019-09-06 14:30:15 +0800},
	Date-Modified = {2019-09-06 14:30:15 +0800},
	Doi = {10.1103/PhysRevD.99.074029},
	Eprint = {1902.03866},
	Journal = {Phys. Rev.},
	Number = {7},
	Pages = {074029},
	Primaryclass = {hep-ph},
	Slaccitation = {%%CITATION = ARXIV:1902.03866;%%},
	Title = {{Thermodynamics of 2+1 Flavor Polyakov-Loop Quark-Meson Model under External Magnetic Field}},
	Volume = {D99},
	Year = {2019},
	Bdsk-Url-1 = {https://doi.org/10.1103/PhysRevD.99.074029}}

@article{Wen:2018nkn,
	Archiveprefix = {arXiv},
	Author = {Wen, Rui and Huang, Chuang and Fu, Wei-Jie},
	Date-Added = {2019-09-06 14:30:08 +0800},
	Date-Modified = {2019-09-06 14:30:08 +0800},
	Doi = {10.1103/PhysRevD.99.094019},
	Eprint = {1809.04233},
	Journal = {Phys. Rev.},
	Number = {9},
	Pages = {094019},
	Primaryclass = {hep-ph},
	Slaccitation = {%%CITATION = ARXIV:1809.04233;%%},
	Title = {{Baryon number fluctuations in the 2+1 flavor low energy effective model}},
	Volume = {D99},
	Year = {2019},
	Bdsk-Url-1 = {https://doi.org/10.1103/PhysRevD.99.094019}}

@article{Adam:2019xmk,
	Archiveprefix = {arXiv},
	Author = {Adam, Jaroslav and others},
	Collaboration = {STAR},
	Date-Added = {2019-08-04 15:22:03 +0800},
	Date-Modified = {2019-08-04 15:22:03 +0800},
	Doi = {10.1103/PhysRevC.100.014902},
	Eprint = {1903.05370},
	Journal = {Phys. Rev.},
	Number = {1},
	Pages = {014902},
	Primaryclass = {nucl-ex},
	Slaccitation = {%%CITATION = ARXIV:1903.05370;%%},
	Title = {{Collision-energy dependence of second-order off-diagonal and diagonal cumulants of net-charge, net-proton, and net-kaon multiplicity distributions in Au + Au collisions}},
	Volume = {C100},
	Year = {2019},
	Bdsk-Url-1 = {https://doi.org/10.1103/PhysRevC.100.014902}}

@article{Yang:2019bjr,
	Author = {Yang, Qian},
	Booktitle = {{Proceedings, 27th International Conference on Ultrarelativistic Nucleus-Nucleus Collisions (Quark Matter 2018): Venice, Italy, May 14-19, 2018}},
	Collaboration = {STAR},
	Date-Added = {2019-08-04 15:19:22 +0800},
	Date-Modified = {2019-08-04 15:19:22 +0800},
	Doi = {10.1016/j.nuclphysa.2018.10.029},
	Journal = {Nucl. Phys.},
	Pages = {951-954},
	Slaccitation = {%%CITATION = NUPHA,A982,951;%%},
	Title = {{The STAR BES-II and Forward Rapidity Physics and Upgrades}},
	Volume = {A982},
	Year = {2019},
	Bdsk-Url-1 = {https://doi.org/10.1016/j.nuclphysa.2018.10.029}}

@article{Noronha-Hostler:2019ayj,
	Archiveprefix = {arXiv},
	Author = {Noronha-Hostler, J. and Parotto, P. and Ratti, C. and Stafford, J. M.},
	Date-Added = {2019-08-04 15:18:35 +0800},
	Date-Modified = {2019-08-04 15:18:35 +0800},
	Eprint = {1902.06723},
	Primaryclass = {hep-ph},
	Slaccitation = {%%CITATION = ARXIV:1902.06723;%%},
	Title = {{Lattice-based equation of state at finite baryon number, electric charge and strangeness chemical potentials}},
	Year = {2019}}

@article{Monnai:2019hkn,
	Archiveprefix = {arXiv},
	Author = {Monnai, Akihiko and Schenke, Bj{\"o}rn and Shen, Chun},
	Date-Added = {2019-08-04 15:18:17 +0800},
	Date-Modified = {2019-08-04 15:18:17 +0800},
	Eprint = {1902.05095},
	Primaryclass = {nucl-th},
	Slaccitation = {%%CITATION = ARXIV:1902.05095;%%},
	Title = {{Equation of state at finite densities for QCD matter in nuclear collisions}},
	Year = {2019}}

@article{Fu:2009wy,
	Archiveprefix = {arXiv},
	Author = {Fu, Wei-jie and Liu, Yu-xin and Wu, Yue-Liang},
	Date-Added = {2019-08-04 15:17:15 +0800},
	Date-Modified = {2019-08-04 15:17:15 +0800},
	Doi = {10.1103/PhysRevD.81.014028},
	Eprint = {0910.5783},
	Journal = {Phys. Rev.},
	Pages = {014028},
	Primaryclass = {hep-ph},
	Slaccitation = {%%CITATION = ARXIV:0910.5783;%%},
	Title = {{Fluctuations and Correlations of Conserved Charges in QCD at Finite Temperature with Effective Models}},
	Volume = {D81},
	Year = {2010},
	Bdsk-Url-1 = {https://doi.org/10.1103/PhysRevD.81.014028}}

@article{Bazavov:2012jq,
	Archiveprefix = {arXiv},
	Author = {Bazavov, A. and others},
	Collaboration = {HotQCD},
	Date-Added = {2019-08-04 15:15:50 +0800},
	Date-Modified = {2019-08-04 15:15:50 +0800},
	Doi = {10.1103/PhysRevD.86.034509},
	Eprint = {1203.0784},
	Journal = {Phys. Rev.},
	Pages = {034509},
	Primaryclass = {hep-lat},
	Slaccitation = {%%CITATION = ARXIV:1203.0784;%%},
	Title = {{Fluctuations and Correlations of net baryon number, electric charge, and strangeness: A comparison of lattice QCD results with the hadron resonance gas model}},
	Volume = {D86},
	Year = {2012},
	Bdsk-Url-1 = {https://doi.org/10.1103/PhysRevD.86.034509}}

@article{Adams:2005dq,
	Archiveprefix = {arXiv},
	Author = {Adams, John and others},
	Collaboration = {STAR},
	Date-Added = {2019-08-04 15:15:22 +0800},
	Date-Modified = {2019-08-04 15:15:22 +0800},
	Doi = {10.1016/j.nuclphysa.2005.03.085},
	Eprint = {nucl-ex/0501009},
	Journal = {Nucl. Phys.},
	Pages = {102-183},
	Primaryclass = {nucl-ex},
	Slaccitation = {%%CITATION = NUCL-EX/0501009;%%},
	Title = {{Experimental and theoretical challenges in the search for the quark gluon plasma: The STAR Collaboration's critical assessment of the evidence from RHIC collisions}},
	Volume = {A757},
	Year = {2005},
	Bdsk-Url-1 = {https://doi.org/10.1016/j.nuclphysa.2005.03.085}}

@article{Adam:2019wnb,
	Archiveprefix = {arXiv},
	Author = {Adam, Jaroslav and others},
	Collaboration = {STAR},
	Date-Added = {2019-08-04 15:14:55 +0800},
	Date-Modified = {2019-08-04 15:14:55 +0800},
	Eprint = {1903.11778},
	Primaryclass = {nucl-ex},
	Slaccitation = {%%CITATION = ARXIV:1903.11778;%%},
	Title = {{Beam energy dependence of (anti-)deuteron production in Au+Au collisions at RHIC}},
	Year = {2019}}

@article{Adam:2015lda,
	Archiveprefix = {arXiv},
	Author = {Adam, Jaroslav and others},
	Collaboration = {ALICE},
	Date-Added = {2019-08-04 15:14:31 +0800},
	Date-Modified = {2019-08-04 15:14:31 +0800},
	Doi = {10.1016/j.physletb.2016.01.020},
	Eprint = {1509.07324},
	Journal = {Phys. Lett.},
	Pages = {235-248},
	Primaryclass = {nucl-ex},
	Reportnumber = {CERN-PH-EP-2015-254, ALICE-PUBLIC-2015-007},
	Slaccitation = {%%CITATION = ARXIV:1509.07324;%%},
	Title = {{Direct photon production in Pb-Pb collisions at $\sqrt{s_\rm{NN}} =$ 2.76 TeV}},
	Volume = {B754},
	Year = {2016},
	Bdsk-Url-1 = {https://doi.org/10.1016/j.physletb.2016.01.020}}

@article{Yin:2019ebz,
	Archiveprefix = {arXiv},
	Author = {Yin, Shi and Wen, Rui and Fu, Wei-jie},
	Date-Added = {2019-08-02 09:31:14 +0800},
	Date-Modified = {2019-08-02 09:31:14 +0800},
	Eprint = {1907.10262},
	Primaryclass = {hep-ph},
	Slaccitation = {%%CITATION = ARXIV:1907.10262;%%},
	Title = {{Mesonic dynamics and QCD phase transition}},
	Year = {2019}}

@article{Borsanyi:2010bp,
	Archiveprefix = {arXiv},
	Author = {Borsanyi, Szabolcs and Fodor, Zoltan and Hoelbling, Christian and Katz, Sandor D and Krieg, Stefan and Ratti, Claudia and Szabo, Kalman K.},
	Collaboration = {Wuppertal-Budapest},
	Date-Added = {2019-07-08 08:58:49 +0800},
	Date-Modified = {2019-07-08 08:58:49 +0800},
	Doi = {10.1007/JHEP09(2010)073},
	Eprint = {1005.3508},
	Journal = {JHEP},
	Pages = {073},
	Primaryclass = {hep-lat},
	Reportnumber = {WUB-10-11, MIT-CTP-4152},
	Slaccitation = {%%CITATION = ARXIV:1005.3508;%%},
	Title = {{Is there still any T_c mystery in lattice QCD? Results with physical masses in the continuum limit III}},
	Volume = {09},
	Year = {2010},
	Bdsk-Url-1 = {https://doi.org/10.1007/JHEP09(2010)073}}

@article{Ellwanger:1994iz,
	Archiveprefix = {arXiv},
	Author = {Ellwanger, Ulrich},
	Date-Added = {2019-04-26 15:52:23 -0500},
	Date-Modified = {2019-04-26 15:52:23 -0500},
	Doi = {10.1016/0370-2693(94)90365-4},
	Eprint = {hep-th/9402077},
	Journal = {Phys. Lett.},
	Pages = {364-370},
	Primaryclass = {hep-th},
	Reportnumber = {HD-THEP-94-2},
	Slaccitation = {%%CITATION = HEP-TH/9402077;%%},
	Title = {{Flow equations and BRS invariance for Yang-Mills theories}},
	Volume = {B335},
	Year = {1994},
	Bdsk-Url-1 = {https://doi.org/10.1016/0370-2693(94)90365-4}}

@article{Rennecke:2019lus,
	Author = {Rennecke, Fabian},
	Booktitle = {{Proceedings, Hot Quarks 2018: Workshop for Young Scientists on the Physics of Ultrarelativistic Nucleus-Nucleus Collisions (HQ2018): De Krim, Texel Island, Netherlands, September 7-14, 2018}},
	Date-Added = {2019-04-24 16:38:05 -0500},
	Date-Modified = {2019-04-24 16:38:05 -0500},
	Doi = {10.3390/proceedings2019010008},
	Journal = {MDPI Proc.},
	Number = {1},
	Pages = {8},
	Slaccitation = {%%CITATION = INSPIRE-1729640;%%},
	Title = {{Review of Critical Point Searches and Beam-Energy Studies}},
	Volume = {10},
	Year = {2019},
	Bdsk-Url-1 = {https://doi.org/10.3390/proceedings2019010008}}

@article{deForcrand:2010ys,
	Archiveprefix = {arXiv},
	Author = {de Forcrand, Philippe},
	Booktitle = {{Proceedings, 27th International Symposium on Lattice field theory (Lattice 2009): Beijing, P.R. China, July 26-31, 2009}},
	Date-Added = {2019-04-24 15:55:37 -0500},
	Date-Modified = {2019-04-24 15:55:37 -0500},
	Doi = {10.22323/1.091.0010},
	Eprint = {1005.0539},
	Journal = {PoS},
	Pages = {010},
	Primaryclass = {hep-lat},
	Reportnumber = {CERN-PH-TH-2010-090},
	Slaccitation = {%%CITATION = ARXIV:1005.0539;%%},
	Title = {{Simulating QCD at finite density}},
	Volume = {LAT2009},
	Year = {2009},
	Bdsk-Url-1 = {https://doi.org/10.22323/1.091.0010}}

@article{Bzdak:2012ab,
	Archiveprefix = {arXiv},
	Author = {Bzdak, Adam and Koch, Volker},
	Date-Added = {2019-04-24 15:23:18 -0500},
	Date-Modified = {2019-04-24 15:23:18 -0500},
	Doi = {10.1103/PhysRevC.86.044904},
	Eprint = {1206.4286},
	Journal = {Phys. Rev.},
	Pages = {044904},
	Primaryclass = {nucl-th},
	Reportnumber = {RBRC-956},
	Slaccitation = {%%CITATION = ARXIV:1206.4286;%%},
	Title = {{Acceptance corrections to net baryon and net charge cumulants}},
	Volume = {C86},
	Year = {2012},
	Bdsk-Url-1 = {https://doi.org/10.1103/PhysRevC.86.044904}}

@article{Gunkel:2019xnh,
	Archiveprefix = {arXiv},
	Author = {Gunkel, Pascal J. and Fischer, Christian S. and Isserstedt, Philipp},
	Eprint = {1907.08110},
	Primaryclass = {hep-ph},
	Slaccitation = {%%CITATION = ARXIV:1907.08110;%%},
	Title = {{Quarks and light (pseudo-)scalar mesons at finite chemical potential}},
	Year = {2019}}

@article{Isserstedt:2019pgx,
	Archiveprefix = {arXiv},
	Author = {Isserstedt, Philipp and Buballa, Michael and Fischer, Christian S. and Gunkel, Pascal J.},
	Eprint = {1906.11644},
	Primaryclass = {hep-ph},
	Slaccitation = {%%CITATION = ARXIV:1906.11644;%%},
	Title = {{Baryon number fluctuations in the QCD phase diagram from Dyson-Schwinger equations}},
	Year = {2019}}

@article{Sternbeck:2012qs,
	Archiveprefix = {arXiv},
	Author = {Sternbeck, Andre and Maltman, Kim and M{\"u}ller-Preussker, Michael and von Smekal, Lorenz},
	Booktitle = {{Proceedings, 30th International Symposium on Lattice Field Theory (Lattice 2012): Cairns, Australia, June 24-29, 2012}},
	Date-Added = {2019-03-18 21:13:01 +0800},
	Date-Modified = {2019-03-18 21:13:01 +0800},
	Doi = {10.22323/1.164.0243},
	Eprint = {1212.2039},
	Journal = {PoS},
	Pages = {243},
	Primaryclass = {hep-lat},
	Reportnumber = {HU-EP-12-51},
	Slaccitation = {%%CITATION = ARXIV:1212.2039;%%},
	Title = {{Determination of LambdaMS from the gluon and ghost propagators in Landau gauge}},
	Volume = {LATTICE2012},
	Year = {2012},
	Bdsk-Url-1 = {https://doi.org/10.22323/1.164.0243}}

@article{Sternbeck:2006cg,
	Archiveprefix = {arXiv},
	Author = {Sternbeck, A. and Ilgenfritz, E. -M. and M{\"u}ller-Preussker, M. and Schiller, A. and Bogolubsky, I. L.},
	Booktitle = {{Proceedings, 24th International Symposium on Lattice Field Theory (Lattice 2006): Tucson, USA, July 23-28, 2006}},
	Date-Added = {2019-03-18 21:11:57 +0800},
	Date-Modified = {2019-03-18 21:11:57 +0800},
	Doi = {10.22323/1.032.0076},
	Eprint = {hep-lat/0610053},
	Journal = {PoS},
	Pages = {076},
	Primaryclass = {hep-lat},
	Reportnumber = {HU-EP-06-34, LU-ITP-2006-018},
	Slaccitation = {%%CITATION = HEP-LAT/0610053;%%},
	Title = {{Lattice study of the infrared behavior of QCD Green's functions in Landau gauge}},
	Volume = {LAT2006},
	Year = {2006},
	Bdsk-Url-1 = {https://doi.org/10.22323/1.032.0076}}

@article{Adamova:2019vkf,
	Archiveprefix = {arXiv},
	Author = {Adamova, D. and others},
	Date-Added = {2019-03-15 14:40:43 +0800},
	Date-Modified = {2019-03-15 14:40:43 +0800},
	Eprint = {1902.01211},
	Primaryclass = {physics.ins-det},
	Slaccitation = {%%CITATION = ARXIV:1902.01211;%%},
	Title = {{A next-generation LHC heavy-ion experiment}},
	Year = {2019}}

@article{Dainese:2019xrz,
	Archiveprefix = {arXiv},
	Author = {Dainese, A. and others},
	Collaboration = {QCD Working Group},
	Date-Added = {2019-03-15 14:39:32 +0800},
	Date-Modified = {2019-03-15 14:39:32 +0800},
	Eprint = {1901.04482},
	Primaryclass = {hep-ex},
	Reportnumber = {CERN-PBC-REPORT-2018-008},
	Slaccitation = {%%CITATION = ARXIV:1901.04482;%%},
	Title = {{Physics Beyond Colliders: QCD Working Group Report}},
	Year = {2019}}

@article{Alemany:2019vsk,
	Archiveprefix = {arXiv},
	Author = {Alemany, R. and others},
	Date-Added = {2019-03-15 14:38:30 +0800},
	Date-Modified = {2019-03-15 14:38:30 +0800},
	Editor = {Jaeckel, J. and Lamont, M. and Valle, C.},
	Eprint = {1902.00260},
	Primaryclass = {hep-ex},
	Reportnumber = {CERN-PBC-REPORT-2018-003},
	Slaccitation = {%%CITATION = ARXIV:1902.00260;%%},
	Title = {{Summary Report of Physics Beyond Colliders at CERN}},
	Year = {2019}}

@article{Schaefer:2006ds,
	Archiveprefix = {arXiv},
	Author = {Schaefer, Bernd-Jochen and Wambach, Jochen},
	Date-Added = {2019-03-15 14:26:23 +0800},
	Date-Modified = {2019-03-15 14:26:23 +0800},
	Doi = {10.1103/PhysRevD.75.085015},
	Eprint = {hep-ph/0603256},
	Journal = {Phys. Rev.},
	Pages = {085015},
	Primaryclass = {hep-ph},
	Slaccitation = {%%CITATION = HEP-PH/0603256;%%},
	Title = {{Susceptibilities near the QCD (tri)critical point}},
	Volume = {D75},
	Year = {2007},
	Bdsk-Url-1 = {https://doi.org/10.1103/PhysRevD.75.085015}}

@article{Schaefer:2004en,
	Archiveprefix = {arXiv},
	Author = {Schaefer, Bernd-Jochen and Wambach, Jochen},
	Date-Added = {2019-03-15 14:25:21 +0800},
	Date-Modified = {2019-03-15 14:25:21 +0800},
	Doi = {10.1016/j.nuclphysa.2005.04.012},
	Eprint = {nucl-th/0403039},
	Journal = {Nucl. Phys.},
	Pages = {479-492},
	Primaryclass = {nucl-th},
	Slaccitation = {%%CITATION = NUCL-TH/0403039;%%},
	Title = {{The Phase diagram of the quark meson model}},
	Volume = {A757},
	Year = {2005},
	Bdsk-Url-1 = {https://doi.org/10.1016/j.nuclphysa.2005.04.012}}

@article{Adamczyk:2017wsl,
	Archiveprefix = {arXiv},
	Author = {Adamczyk, L. and others},
	Collaboration = {STAR},
	Date-Added = {2019-03-12 10:36:49 +0800},
	Date-Modified = {2019-03-12 10:36:49 +0800},
	Doi = {10.1016/j.physletb.2018.07.066},
	Eprint = {1709.00773},
	Journal = {Phys. Lett.},
	Pages = {551-560},
	Primaryclass = {nucl-ex},
	Slaccitation = {%%CITATION = ARXIV:1709.00773;%%},
	Title = {{Collision Energy Dependence of Moments of Net-Kaon Multiplicity Distributions at RHIC}},
	Volume = {B785},
	Year = {2018},
	Bdsk-Url-1 = {https://doi.org/10.1016/j.physletb.2018.07.066}}

@article{Fischer:2018sdj,
	Archiveprefix = {arXiv},
	Author = {Fischer, Christian S.},
	Date-Added = {2019-03-12 09:58:13 +0800},
	Date-Modified = {2019-03-12 09:58:13 +0800},
	Doi = {10.1016/j.ppnp.2019.01.002},
	Eprint = {1810.12938},
	Journal = {Prog. Part. Nucl. Phys.},
	Pages = {1-60},
	Primaryclass = {hep-ph},
	Slaccitation = {%%CITATION = ARXIV:1810.12938;%%},
	Title = {{QCD at finite temperature and chemical potential from Dyson-Schwinger equations}},
	Volume = {105},
	Year = {2019},
	Bdsk-Url-1 = {https://doi.org/10.1016/j.ppnp.2019.01.002}}

@article{Fischer:2014vxa,
	Archiveprefix = {arXiv},
	Author = {Fischer, Christian S. and Luecker, Jan and Pawlowski, Jan M.},
	Doi = {10.1103/PhysRevD.91.014024},
	Eprint = {1409.8462},
	Journal = {Phys. Rev.},
	Number = {1},
	Pages = {014024},
	Primaryclass = {hep-ph},
	Slaccitation = {%%CITATION = ARXIV:1409.8462;%%},
	Title = {{Phase structure of QCD for heavy quarks}},
	Volume = {D91},
	Year = {2015},
	Bdsk-Url-1 = {https://doi.org/10.1103/PhysRevD.91.014024}}

@article{Eichmann:2015kfa,
	Archiveprefix = {arXiv},
	Author = {Eichmann, Gernot and Fischer, Christian S. and Welzbacher, Christian A.},
	Doi = {10.1103/PhysRevD.93.034013},
	Eprint = {1509.02082},
	Journal = {Phys. Rev.},
	Number = {3},
	Pages = {034013},
	Primaryclass = {hep-ph},
	Slaccitation = {%%CITATION = ARXIV:1509.02082;%%},
	Title = {{Baryon effects on the location of QCD's critical end point}},
	Volume = {D93},
	Year = {2016},
	Bdsk-Url-1 = {https://doi.org/10.1103/PhysRevD.93.034013}}

@article{Abgrall:2014xwa,
	Archiveprefix = {arXiv},
	Author = {Abgrall, N. and others},
	Collaboration = {NA61},
	Date-Added = {2019-03-07 14:54:46 +0800},
	Date-Modified = {2019-03-07 14:54:46 +0800},
	Doi = {10.1088/1748-0221/9/06/P06005},
	Eprint = {1401.4699},
	Journal = {JINST},
	Pages = {P06005},
	Primaryclass = {physics.ins-det},
	Reportnumber = {CERN-PH-EP-2014-003},
	Slaccitation = {%%CITATION = ARXIV:1401.4699;%%},
	Title = {{NA61/SHINE facility at the CERN SPS: beams and detector system}},
	Volume = {9},
	Year = {2014},
	Bdsk-Url-1 = {https://doi.org/10.1088/1748-0221/9/06/P06005}}

@article{Agakishiev:2009am,
	Archiveprefix = {arXiv},
	Author = {Agakishiev, G. and others},
	Collaboration = {HADES},
	Date-Added = {2019-03-07 14:51:25 +0800},
	Date-Modified = {2019-03-07 14:51:25 +0800},
	Doi = {10.1140/epja/i2009-10807-5},
	Eprint = {0902.3478},
	Journal = {Eur. Phys. J.},
	Pages = {243-277},
	Primaryclass = {nucl-ex},
	Slaccitation = {%%CITATION = ARXIV:0902.3478;%%},
	Title = {{The High-Acceptance Dielectron Spectrometer HADES}},
	Volume = {A41},
	Year = {2009},
	Bdsk-Url-1 = {https://doi.org/10.1140/epja/i2009-10807-5}}

@article{Zhang:2017icm,
	Archiveprefix = {arXiv},
	Author = {Zhang, Hui and Hou, Defu and Kojo, Toru and Qin, Bin},
	Date-Added = {2019-01-25 12:58:40 +0800},
	Date-Modified = {2019-01-25 12:58:40 +0800},
	Doi = {10.1103/PhysRevD.96.114029},
	Eprint = {1709.05654},
	Journal = {Phys. Rev.},
	Number = {11},
	Pages = {114029},
	Primaryclass = {hep-ph},
	Slaccitation = {%%CITATION = ARXIV:1709.05654;%%},
	Title = {{Functional renormalization group study of the quark-meson model with $\omega$ meson}},
	Volume = {D96},
	Year = {2017},
	Bdsk-Url-1 = {https://doi.org/10.1103/PhysRevD.96.114029}}

@article{Andronic:2016nof,
	Archiveprefix = {arXiv},
	Author = {Andronic, A. and Braun-Munzinger, P. and Redlich, K. and Stachel, J.},
	Booktitle = {{Proceedings, 16th International Conference on Strangeness in Quark Matter (SQM 2016): Berkeley, California, United States}},
	Date-Added = {2019-01-18 08:31:22 +0800},
	Date-Modified = {2019-01-18 08:31:22 +0800},
	Doi = {10.1088/1742-6596/779/1/012012},
	Eprint = {1611.01347},
	Journal = {J. Phys. Conf. Ser.},
	Number = {1},
	Pages = {012012},
	Primaryclass = {nucl-th},
	Slaccitation = {%%CITATION = ARXIV:1611.01347;%%},
	Title = {{Hadron yields, the chemical freeze-out and the QCD phase diagram}},
	Volume = {779},
	Year = {2017},
	Bdsk-Url-1 = {https://doi.org/10.1088/1742-6596/779/1/012012}}

@article{Vovchenko:2015idt,
	Archiveprefix = {arXiv},
	Author = {Vovchenko, V. and Begun, V. V. and Gorenstein, M. I.},
	Date-Added = {2019-01-17 21:20:13 +0800},
	Date-Modified = {2019-01-17 21:20:13 +0800},
	Doi = {10.1103/PhysRevC.93.064906},
	Eprint = {1512.08025},
	Journal = {Phys. Rev.},
	Number = {6},
	Pages = {064906},
	Primaryclass = {nucl-th},
	Slaccitation = {%%CITATION = ARXIV:1512.08025;%%},
	Title = {{Hadron multiplicities and chemical freeze-out conditions in proton-proton and nucleus-nucleus collisions}},
	Volume = {C93},
	Year = {2016},
	Bdsk-Url-1 = {https://doi.org/10.1103/PhysRevC.93.064906}}

@article{Becattini:2016xct,
	Archiveprefix = {arXiv},
	Author = {Becattini, F. and Steinheimer, J. and Stock, R. and Bleicher, M.},
	Date-Added = {2019-01-17 21:18:25 +0800},
	Date-Modified = {2019-01-17 21:18:25 +0800},
	Doi = {10.1016/j.physletb.2016.11.033},
	Eprint = {1605.09694},
	Journal = {Phys. Lett.},
	Pages = {241-246},
	Primaryclass = {nucl-th},
	Slaccitation = {%%CITATION = ARXIV:1605.09694;%%},
	Title = {{Hadronization conditions in relativistic nuclear collisions and the QCD pseudo-critical line}},
	Volume = {B764},
	Year = {2017},
	Bdsk-Url-1 = {https://doi.org/10.1016/j.physletb.2016.11.033}}

@article{Alba:2014eba,
	Archiveprefix = {arXiv},
	Author = {Alba, Paolo and Alberico, Wanda and Bellwied, Rene and Bluhm, Marcus and Mantovani Sarti, Valentina and Nahrgang, Marlene and Ratti, Claudia},
	Date-Added = {2019-01-17 20:34:00 +0800},
	Date-Modified = {2019-01-17 20:34:00 +0800},
	Doi = {10.1016/j.physletb.2014.09.052},
	Eprint = {1403.4903},
	Journal = {Phys. Lett.},
	Pages = {305-310},
	Primaryclass = {hep-ph},
	Slaccitation = {%%CITATION = ARXIV:1403.4903;%%},
	Title = {{Freeze-out conditions from net-proton and net-charge fluctuations at RHIC}},
	Volume = {B738},
	Year = {2014},
	Bdsk-Url-1 = {https://doi.org/10.1016/j.physletb.2014.09.052}}

@article{Gao:2015kea,
	Archiveprefix = {arXiv},
	Author = {Gao, Fei and Chen, Jing and Liu, Yu-Xin and Qin, Si-Xue and Roberts, Craig D. and Schmidt, Sebastian M.},
	Date-Added = {2019-01-09 14:53:14 +0800},
	Date-Modified = {2019-01-09 14:53:14 +0800},
	Doi = {10.1103/PhysRevD.93.094019},
	Eprint = {1507.00875},
	Journal = {Phys. Rev.},
	Number = {9},
	Pages = {094019},
	Primaryclass = {nucl-th},
	Slaccitation = {%%CITATION = ARXIV:1507.00875;%%},
	Title = {{Phase diagram and thermal properties of strong-interaction matter}},
	Volume = {D93},
	Year = {2016},
	Bdsk-Url-1 = {https://doi.org/10.1103/PhysRevD.93.094019}}

@article{Fischer:2008uz,
	Archiveprefix = {arXiv},
	Author = {Fischer, Christian S. and Maas, Axel and Pawlowski, Jan M.},
	Doi = {10.1016/j.aop.2009.07.009},
	Eprint = {0810.1987},
	Journal = {Annals Phys.},
	Pages = {2408-2437},
	Primaryclass = {hep-ph},
	Slaccitation = {%%CITATION = ARXIV:0810.1987;%%},
	Title = {{On the infrared behavior of Landau gauge Yang-Mills theory}},
	Volume = {324},
	Year = {2009},
	Bdsk-Url-1 = {https://doi.org/10.1016/j.aop.2009.07.009}}

@article{Fischer:2011pk,
	Archiveprefix = {arXiv},
	Author = {Fischer, Christian S. and Mueller, Jens A.},
	Doi = {10.1103/PhysRevD.84.054013},
	Eprint = {1106.2700},
	Journal = {Phys. Rev.},
	Pages = {054013},
	Primaryclass = {hep-ph},
	Slaccitation = {%%CITATION = ARXIV:1106.2700;%%},
	Title = {{On critical scaling at the QCD N_f=2 chiral phase transition}},
	Volume = {D84},
	Year = {2011},
	Bdsk-Url-1 = {https://doi.org/10.1103/PhysRevD.84.054013}}

@article{Fischer:2011mz,
	Archiveprefix = {arXiv},
	Author = {Fischer, Christian S. and Luecker, Jan and Mueller, Jens A.},
	Doi = {10.1016/j.physletb.2011.07.039},
	Eprint = {1104.1564},
	Journal = {Phys. Lett.},
	Pages = {438-441},
	Primaryclass = {hep-ph},
	Slaccitation = {%%CITATION = ARXIV:1104.1564;%%},
	Title = {{Chiral and deconfinement phase transitions of two-flavour QCD at finite temperature and chemical potential}},
	Volume = {B702},
	Year = {2011},
	Bdsk-Url-1 = {https://doi.org/10.1016/j.physletb.2011.07.039}}

@article{Fischer:2012vc,
	Archiveprefix = {arXiv},
	Author = {Fischer, Christian S. and Luecker, Jan},
	Doi = {10.1016/j.physletb.2012.11.054},
	Eprint = {1206.5191},
	Journal = {Phys. Lett.},
	Pages = {1036-1043},
	Primaryclass = {hep-ph},
	Slaccitation = {%%CITATION = ARXIV:1206.5191;%%},
	Title = {{Propagators and phase structure of Nf=2 and Nf=2+1 QCD}},
	Volume = {B718},
	Year = {2013},
	Bdsk-Url-1 = {https://doi.org/10.1016/j.physletb.2012.11.054}}

@article{Fischer:2014ata,
	Archiveprefix = {arXiv},
	Author = {Fischer, Christian S. and Luecker, Jan and Welzbacher, Christian A.},
	Doi = {10.1103/PhysRevD.90.034022},
	Eprint = {1405.4762},
	Journal = {Phys. Rev.},
	Number = {3},
	Pages = {034022},
	Primaryclass = {hep-ph},
	Slaccitation = {%%CITATION = ARXIV:1405.4762;%%},
	Title = {{Phase structure of three and four flavor QCD}},
	Volume = {D90},
	Year = {2014},
	Bdsk-Url-1 = {https://doi.org/10.1103/PhysRevD.90.034022}}

@article{Braun:2009ns,
	Archiveprefix = {arXiv},
	Author = {Braun, Jens and Gies, Holger},
	Doi = {10.1007/JHEP05(2010)060},
	Eprint = {0912.4168},
	Journal = {JHEP},
	Pages = {060},
	Primaryclass = {hep-ph},
	Slaccitation = {%%CITATION = ARXIV:0912.4168;%%},
	Title = {{Scaling laws near the conformal window of many-flavor QCD}},
	Volume = {05},
	Year = {2010},
	Bdsk-Url-1 = {https://doi.org/10.1007/JHEP05(2010)060}}

@article{Braun:2010qs,
	Archiveprefix = {arXiv},
	Author = {Braun, Jens and Fischer, Christian S. and Gies, Holger},
	Doi = {10.1103/PhysRevD.84.034045},
	Eprint = {1012.4279},
	Journal = {Phys. Rev.},
	Pages = {034045},
	Primaryclass = {hep-ph},
	Slaccitation = {%%CITATION = ARXIV:1012.4279;%%},
	Title = {{Beyond Miransky Scaling}},
	Volume = {D84},
	Year = {2011},
	Bdsk-Url-1 = {https://doi.org/10.1103/PhysRevD.84.034045}}

@article{Hopfer:2014zna,
	Archiveprefix = {arXiv},
	Author = {Hopfer, Markus and Fischer, Christian S. and Alkofer, Reinhard},
	Doi = {10.1007/JHEP11(2014)035},
	Eprint = {1405.7031},
	Journal = {JHEP},
	Pages = {035},
	Primaryclass = {hep-ph},
	Slaccitation = {%%CITATION = ARXIV:1405.7031;%%},
	Title = {{Running coupling in the conformal window of large-Nf QCD}},
	Volume = {11},
	Year = {2014},
	Bdsk-Url-1 = {https://doi.org/10.1007/JHEP11(2014)035}}

@article{Mitter:2013fxa,
	Archiveprefix = {arXiv},
	Author = {Mitter, Mario and Schaefer, Bernd-Jochen},
	Date-Added = {2018-12-12 16:34:07 +0100},
	Date-Modified = {2018-12-12 16:34:07 +0100},
	Doi = {10.1103/PhysRevD.89.054027},
	Eprint = {1308.3176},
	Journal = {Phys. Rev.},
	Number = {5},
	Pages = {054027},
	Primaryclass = {hep-ph},
	Slaccitation = {%%CITATION = ARXIV:1308.3176;%%},
	Title = {{Fluctuations and the axial anomaly with three quark flavors}},
	Volume = {D89},
	Year = {2014},
	Bdsk-Url-1 = {https://doi.org/10.1103/PhysRevD.89.054027}}

@article{Jung:2016yxl,
	Archiveprefix = {arXiv},
	Author = {Jung, Christopher and Rennecke, Fabian and Tripolt, Ralf-Arno and von Smekal, Lorenz and Wambach, Jochen},
	Date-Added = {2018-12-12 16:31:29 +0100},
	Date-Modified = {2018-12-12 16:31:29 +0100},
	Doi = {10.1103/PhysRevD.95.036020},
	Eprint = {1610.08754},
	Journal = {Phys. Rev.},
	Number = {3},
	Pages = {036020},
	Primaryclass = {hep-ph},
	Slaccitation = {%%CITATION = ARXIV:1610.08754;%%},
	Title = {{In-Medium Spectral Functions of Vector- and Axial-Vector Mesons from the Functional Renormalization Group}},
	Volume = {D95},
	Year = {2017},
	Bdsk-Url-1 = {https://doi.org/10.1103/PhysRevD.95.036020}}

@article{Fu:2018qsk,
	Archiveprefix = {arXiv},
	Author = {Fu, Wei-jie and Pawlowski, Jan M. and Rennecke, Fabian},
	Date-Added = {2018-12-12 15:10:27 +0100},
	Date-Modified = {2018-12-12 15:10:27 +0100},
	Eprint = {1808.00410},
	Primaryclass = {hep-ph},
	Slaccitation = {%%CITATION = ARXIV:1808.00410;%%},
	Title = {{Strangeness Neutrality and QCD Thermodynamics}},
	Year = {2018}}

@article{Sun:2018ozp,
	Archiveprefix = {arXiv},
	Author = {Sun, Ke-xin and Wen, Rui and Fu, Wei-jie},
	Date-Added = {2018-12-12 15:10:24 +0100},
	Date-Modified = {2018-12-12 15:10:24 +0100},
	Doi = {10.1103/PhysRevD.98.074028},
	Eprint = {1805.12025},
	Journal = {Phys. Rev.},
	Number = {7},
	Pages = {074028},
	Primaryclass = {hep-ph},
	Slaccitation = {%%CITATION = ARXIV:1805.12025;%%},
	Title = {{Baryon number probability distribution at finite temperature}},
	Volume = {D98},
	Year = {2018},
	Bdsk-Url-1 = {https://doi.org/10.1103/PhysRevD.98.074028}}

@article{Fu:2018swz,
	Archiveprefix = {arXiv},
	Author = {Fu, Wei-jie and Pawlowski, Jan M. and Rennecke, Fabian},
	Date-Added = {2018-12-12 15:10:20 +0100},
	Date-Modified = {2018-12-12 15:10:20 +0100},
	Eprint = {1809.01594},
	Primaryclass = {hep-ph},
	Slaccitation = {%%CITATION = ARXIV:1809.01594;%%},
	Title = {{Strangeness neutrality and baryon-strangeness correlations}},
	Year = {2018}}

@article{Fischer:2013eca,
	Archiveprefix = {arXiv},
	Author = {Fischer, Christian S. and Fister, Leonard and Luecker, Jan and Pawlowski, Jan M.},
	Date-Added = {2018-12-12 14:55:07 +0100},
	Date-Modified = {2018-12-12 14:55:07 +0100},
	Doi = {10.1016/j.physletb.2014.03.057},
	Eprint = {1306.6022},
	Journal = {Phys. Lett.},
	Pages = {273-277},
	Primaryclass = {hep-ph},
	Slaccitation = {%%CITATION = ARXIV:1306.6022;%%},
	Title = {{Polyakov loop potential at finite density}},
	Volume = {B732},
	Year = {2014},
	Bdsk-Url-1 = {https://doi.org/10.1016/j.physletb.2014.03.057}}

@article{Guenther:2018flo,
	Author = {Guenther, Jana N. and Borsanyi, Szabolcs and Fodor, Zoltan and Katz, Sandor K. and Szab, K. K. and Pasztor, Attila and Portillo, Israel and Ratti, Claudia},
	Booktitle = {{Proceedings, 34th Winter Workshop on Nuclear Dynamics (WWND 2018): Guadeloupe, French West Indies, March 25-31, 2018}},
	Date-Added = {2018-12-12 11:08:21 +0100},
	Date-Modified = {2018-12-12 11:08:21 +0100},
	Doi = {10.1088/1742-6596/1070/1/012002},
	Journal = {J. Phys. Conf. Ser.},
	Number = {1},
	Pages = {012002},
	Slaccitation = {%%CITATION = 00462,1070,012002;%%},
	Title = {{Lattice thermodynamics at finite chemical potential from analytical Continuation}},
	Volume = {1070},
	Year = {2018},
	Bdsk-Url-1 = {https://doi.org/10.1088/1742-6596/1070/1/012002}}

@article{Borsanyi:2018grb,
	Archiveprefix = {arXiv},
	Author = {Borsanyi, Szabolcs and Fodor, Zoltan and Guenther, Jana N. and Katz, Sandor K. and Szabo, Kalman K. and Pasztor, Attila and Portillo, Israel and Ratti, Claudia},
	Date-Added = {2018-12-12 10:57:41 +0100},
	Date-Modified = {2018-12-12 10:57:41 +0100},
	Doi = {10.1007/JHEP10(2018)205},
	Eprint = {1805.04445},
	Journal = {JHEP},
	Pages = {205},
	Primaryclass = {hep-lat},
	Slaccitation = {%%CITATION = ARXIV:1805.04445;%%},
	Title = {{Higher order fluctuations and correlations of conserved charges from lattice QCD}},
	Volume = {10},
	Year = {2018},
	Bdsk-Url-1 = {https://doi.org/10.1007/JHEP10(2018)205}}

@article{Alkofer:2018guy,
	Archiveprefix = {arXiv},
	Author = {Alkofer, Reinhard and Maas, Axel and Mian, Walid Ahmed and Mitter, Mario and Par{\'\i}s-L{\'o}pez, Jordi and Pawlowski, Jan M. and Wink, Nicolas},
	Eprint = {1810.07955},
	Primaryclass = {hep-ph},
	Slaccitation = {%%CITATION = ARXIV:1810.07955;%%},
	Title = {{Bound state properties from the Functional Renormalisation Group}},
	Year = {2018}}

@phdthesis{Rennecke:2015,
	Author = {Rennecke, Fabian},
	School = {Heidelberg U.},
	Slaccitation = {%% %%},
	Title = {{The Chiral Phase Transition of QCD}},
	Url = {http://www.ub.uni-heidelberg.de/archiv/19205},
	Year = {2015},
	Bdsk-Url-1 = {http://www.ub.uni-heidelberg.de/archiv/19205}}

@article{Bazavov:2012vg,
	Archiveprefix = {arXiv},
	Author = {Bazavov, A. and others},
	Date-Added = {2018-12-11 23:14:05 +0100},
	Date-Modified = {2018-12-11 23:14:05 +0100},
	Doi = {10.1103/PhysRevLett.109.192302},
	Eprint = {1208.1220},
	Journal = {Phys. Rev. Lett.},
	Pages = {192302},
	Primaryclass = {hep-lat},
	Slaccitation = {%%CITATION = ARXIV:1208.1220;%%},
	Title = {{Freeze-out Conditions in Heavy Ion Collisions from QCD Thermodynamics}},
	Volume = {109},
	Year = {2012},
	Bdsk-Url-1 = {https://doi.org/10.1103/PhysRevLett.109.192302}}

@article{Yang:2013yeb,
	Author = {Yang, J. C. and others},
	Booktitle = {{Proceedings, 16th International Conference on Electromagnetic Isotope Separators and Techniques Related to their Applications (EMIS 2012): Matsue, Japan, December 2-7, 2012}},
	Date-Added = {2018-12-11 17:19:49 +0100},
	Date-Modified = {2018-12-11 17:19:49 +0100},
	Doi = {10.1016/j.nimb.2013.08.046},
	Journal = {Nucl. Instrum. Meth.},
	Pages = {263-265},
	Slaccitation = {%%CITATION = NUIMA,B317,263;%%},
	Title = {{High Intensity heavy ion Accelerator Facility (HIAF) in China}},
	Volume = {B317},
	Year = {2013},
	Bdsk-Url-1 = {https://doi.org/10.1016/j.nimb.2013.08.046}}

@article{Sakaguchi:2017ggo,
	Author = {Sakaguchi, T.},
	Booktitle = {{Proceedings, 26th International Conference on Ultra-relativistic Nucleus-Nucleus Collisions (Quark Matter 2017): Chicago, Illinois, USA, February 5-11, 2017}},
	Collaboration = {J-PARC-HI},
	Date-Added = {2018-12-11 17:13:05 +0100},
	Date-Modified = {2018-12-11 17:13:05 +0100},
	Doi = {10.1016/j.nuclphysa.2017.05.081},
	Journal = {Nucl. Phys.},
	Pages = {896-899},
	Slaccitation = {%%CITATION = NUPHA,A967,896;%%},
	Title = {{Study of high baryon density QCD matter at J-PARC-HI}},
	Volume = {A967},
	Year = {2017},
	Bdsk-Url-1 = {https://doi.org/10.1016/j.nuclphysa.2017.05.081}}

@article{Sorin:2011zz,
	Author = {Sorin, Alexander and Kekelidze, Vladimir and Kovalenko, Alexander and Lednicky, Richard and Meshkov, Igor and Trubnikov, Grigory},
	Booktitle = {{Proceedings, 4th International Conference on Hard and Electromagnetic Probes of High-Energy Nuclear Collisions (Hard Probes 2010): Eilat, Israel, October 10-15, 2010}},
	Date-Added = {2018-12-11 17:03:24 +0100},
	Date-Modified = {2018-12-11 17:03:24 +0100},
	Doi = {10.1016/j.nuclphysa.2011.02.118},
	Journal = {Nucl. Phys.},
	Pages = {510-513},
	Slaccitation = {%%CITATION = NUPHA,A855,510;%%},
	Title = {{Heavy-ion program at NICA/MPD at JINR}},
	Volume = {A855},
	Year = {2011},
	Bdsk-Url-1 = {https://doi.org/10.1016/j.nuclphysa.2011.02.118}}

@article{Friman:2011zz,
	Author = {Friman, Bengt and Hohne, Claudia and Knoll, Jorn and Leupold, Stefan and Randrup, Jorgen and Rapp, Ralf and Senger, Peter},
	Date-Added = {2018-12-11 16:49:17 +0100},
	Date-Modified = {2018-12-11 16:49:17 +0100},
	Doi = {10.1007/978-3-642-13293-3},
	Journal = {Lect. Notes Phys.},
	Pages = {pp.1-980},
	Slaccitation = {%%CITATION = LNPHA,814,pp.1;%%},
	Title = {{The CBM physics book: Compressed baryonic matter in laboratory experiments}},
	Volume = {814},
	Year = {2011},
	Bdsk-Url-1 = {https://doi.org/10.1007/978-3-642-13293-3}}

@article{Adamczyk:2014fia,
	Archiveprefix = {arXiv},
	Author = {Adamczyk, L. and others},
	Collaboration = {STAR},
	Date-Added = {2018-12-11 15:14:50 +0100},
	Date-Modified = {2018-12-11 15:14:50 +0100},
	Doi = {10.1103/PhysRevLett.113.092301},
	Eprint = {1402.1558},
	Journal = {Phys. Rev. Lett.},
	Pages = {092301},
	Primaryclass = {nucl-ex},
	Slaccitation = {%%CITATION = ARXIV:1402.1558;%%},
	Title = {{Beam energy dependence of moments of the net-charge multiplicity distributions in Au+Au collisions at RHIC}},
	Volume = {113},
	Year = {2014},
	Bdsk-Url-1 = {https://doi.org/10.1103/PhysRevLett.113.092301}}

@article{Yin:2018ejt,
	Archiveprefix = {arXiv},
	Author = {Yin, Yi},
	Date-Added = {2018-12-11 14:47:52 +0100},
	Date-Modified = {2018-12-11 14:47:52 +0100},
	Eprint = {1811.06519},
	Primaryclass = {nucl-th},
	Reportnumber = {MIT-CTP/5083},
	Slaccitation = {%%CITATION = ARXIV:1811.06519;%%},
	Title = {{The QCD critical point hunt: emergent new ideas and new dynamics}},
	Year = {2018}}

@article{Braun:2018svj,
	Archiveprefix = {arXiv},
	Author = {Braun, Jens and Leonhardt, Marc and Pawlowski, Jan M.},
	Doi = {10.21468/SciPostPhys.6.5.056},
	Eprint = {1806.04432},
	Journal = {SciPost Phys.},
	Number = {5},
	Pages = {056},
	Primaryclass = {hep-ph},
	Slaccitation = {%%CITATION = ARXIV:1806.04432;%%},
	Title = {{Renormalization group consistency and low-energy effective theories}},
	Volume = {6},
	Year = {2019},
	Bdsk-Url-1 = {https://doi.org/10.21468/SciPostPhys.6.5.056}}

@article{Pawlowski:2015mlf,
	Archiveprefix = {arXiv},
	Author = {Pawlowski, Jan M. and Scherer, Michael M. and Schmidt, Richard and Wetzel, Sebastian J.},
	Doi = {10.1016/j.aop.2017.06.017},
	Eprint = {1512.03598},
	Journal = {Annals Phys.},
	Pages = {165-197},
	Primaryclass = {hep-th},
	Slaccitation = {%%CITATION = ARXIV:1512.03598;%%},
	Title = {{Physics and the choice of regulators in functional renormalisation group flows}},
	Volume = {384},
	Year = {2017},
	Bdsk-Url-1 = {https://doi.org/10.1016/j.aop.2017.06.017}}

@article{Adamczyk:2017iwn,
	Archiveprefix = {arXiv},
	Author = {Adamczyk, L. and others},
	Collaboration = {STAR},
	Date-Added = {2018-12-11 11:34:40 +0100},
	Date-Modified = {2018-12-11 11:34:40 +0100},
	Doi = {10.1103/PhysRevC.96.044904},
	Eprint = {1701.07065},
	Journal = {Phys. Rev.},
	Number = {4},
	Pages = {044904},
	Primaryclass = {nucl-ex},
	Slaccitation = {%%CITATION = ARXIV:1701.07065;%%},
	Title = {{Bulk Properties of the Medium Produced in Relativistic Heavy-Ion Collisions from the Beam Energy Scan Program}},
	Volume = {C96},
	Year = {2017},
	Bdsk-Url-1 = {https://doi.org/10.1103/PhysRevC.96.044904}}

@article{Resch:2017vjs,
	Archiveprefix = {arXiv},
	Author = {Resch, Simon and Rennecke, Fabian and Schaefer, Bernd-Jochen},
	Eprint = {1712.07961},
	Primaryclass = {hep-ph},
	Slaccitation = {%%CITATION = ARXIV:1712.07961;%%},
	Title = {{Mass sensitivity of the three-flavor chiral phase transition}},
	Year = {2017}}

@article{Andronic:2017pug,
	Archiveprefix = {arXiv},
	Author = {Andronic, Anton and Braun-Munzinger, Peter and Redlich, Krzysztof and Stachel, Johanna},
	Date-Added = {2018-12-11 11:09:15 +0100},
	Date-Modified = {2018-12-11 11:09:15 +0100},
	Doi = {10.1038/s41586-018-0491-6},
	Eprint = {1710.09425},
	Journal = {Nature},
	Number = {7723},
	Pages = {321-330},
	Primaryclass = {nucl-th},
	Slaccitation = {%%CITATION = ARXIV:1710.09425;%%},
	Title = {{Decoding the phase structure of QCD via particle production at high energy}},
	Volume = {561},
	Year = {2018},
	Bdsk-Url-1 = {https://doi.org/10.1038/s41586-018-0491-6}}

@article{Shuryak:2014zxa,
	Archiveprefix = {arXiv},
	Author = {Shuryak, Edward},
	Date-Added = {2018-12-11 10:59:16 +0100},
	Date-Modified = {2018-12-11 10:59:16 +0100},
	Doi = {10.1103/RevModPhys.89.035001},
	Eprint = {1412.8393},
	Journal = {Rev. Mod. Phys.},
	Pages = {035001},
	Primaryclass = {hep-ph},
	Slaccitation = {%%CITATION = ARXIV:1412.8393;%%},
	Title = {{Strongly coupled quark-gluon plasma in heavy ion collisions}},
	Volume = {89},
	Year = {2017},
	Bdsk-Url-1 = {https://doi.org/10.1103/RevModPhys.89.035001}}

@article{Braun:2018bik,
	Archiveprefix = {arXiv},
	Author = {Braun, Jens and Leonhardt, Marc and Pospiech, Martin},
	Date-Added = {2018-12-10 16:47:06 +0100},
	Date-Modified = {2018-12-10 16:47:06 +0100},
	Doi = {10.1103/PhysRevD.97.076010},
	Eprint = {1801.08338},
	Journal = {Phys. Rev.},
	Number = {7},
	Pages = {076010},
	Primaryclass = {hep-ph},
	Slaccitation = {%%CITATION = ARXIV:1801.08338;%%},
	Title = {{Fierz-complete NJL model study. II. Toward the fixed-point and phase structure of hot and dense two-flavor QCD}},
	Volume = {D97},
	Year = {2018},
	Bdsk-Url-1 = {https://doi.org/10.1103/PhysRevD.97.076010}}

@article{Bonati:2018nut,
	Archiveprefix = {arXiv},
	Author = {Bonati, Claudio and D'Elia, Massimo and Negro, Francesco and Sanfilippo, Francesco and Zambello, Kevin},
	Date-Added = {2018-12-07 11:36:54 +0100},
	Date-Modified = {2018-12-07 11:36:54 +0100},
	Doi = {10.1103/PhysRevD.98.054510},
	Eprint = {1805.02960},
	Journal = {Phys. Rev.},
	Number = {5},
	Pages = {054510},
	Primaryclass = {hep-lat},
	Slaccitation = {%%CITATION = ARXIV:1805.02960;%%},
	Title = {{Curvature of the pseudocritical line in QCD: Taylor expansion matches analytic continuation}},
	Volume = {D98},
	Year = {2018},
	Bdsk-Url-1 = {https://doi.org/10.1103/PhysRevD.98.054510}}

@article{Leonhardt:2019fua,
	Archiveprefix = {arXiv},
	Author = {Leonhardt, M. and Pospiech, M. and Schallmo, B. and Braun, J. and Drischler, C. and Hebeler, K. and Schwenk, A.},
	Eprint = {1907.05814},
	Primaryclass = {nucl-th},
	Slaccitation = {%%CITATION = ARXIV:1907.05814;%%},
	Title = {{Symmetric nuclear matter from the strong interaction}},
	Year = {2019}}

@article{Roscher:2015xha,
	Archiveprefix = {arXiv},
	Author = {Roscher, Dietrich and Braun, Jens and Drut, Joaqu{\'\i}n E.},
	Doi = {10.1103/PhysRevA.91.053611},
	Eprint = {1501.05544},
	Journal = {Phys. Rev.},
	Number = {5},
	Pages = {053611},
	Primaryclass = {cond-mat.quant-gas},
	Slaccitation = {%%CITATION = ARXIV:1501.05544;%%},
	Title = {{Phase structure of mass- and spin-imbalanced unitary Fermi gases}},
	Volume = {A91},
	Year = {2015},
	Bdsk-Url-1 = {https://doi.org/10.1103/PhysRevA.91.053611}}

@article{Bellwied:2015rza,
	Archiveprefix = {arXiv},
	Author = {Bellwied, R. and Borsanyi, S. and Fodor, Z. and Gnther, J. and Katz, S. D. and Ratti, C. and Szabo, K. K.},
	Date-Added = {2018-12-07 11:29:27 +0100},
	Date-Modified = {2018-12-07 11:29:27 +0100},
	Doi = {10.1016/j.physletb.2015.11.011},
	Eprint = {1507.07510},
	Journal = {Phys. Lett.},
	Pages = {559-564},
	Primaryclass = {hep-lat},
	Slaccitation = {%%CITATION = ARXIV:1507.07510;%%},
	Title = {{The QCD phase diagram from analytic continuation}},
	Volume = {B751},
	Year = {2015},
	Bdsk-Url-1 = {https://doi.org/10.1016/j.physletb.2015.11.011}}

@article{Bashir:2012fs,
	Archiveprefix = {arXiv},
	Author = {Bashir, Adnan and Chang, Lei and Cloet, Ian C. and El-Bennich, Bruno and Liu, Yu-Xin and Roberts, Craig D. and Tandy, Peter C.},
	Doi = {10.1088/0253-6102/58/1/16},
	Eprint = {1201.3366},
	Journal = {Commun. Theor. Phys.},
	Pages = {79-134},
	Primaryclass = {nucl-th},
	Slaccitation = {%%CITATION = ARXIV:1201.3366;%%},
	Title = {{Collective perspective on advances in Dyson-Schwinger Equation QCD}},
	Volume = {58},
	Year = {2012},
	Bdsk-Url-1 = {https://doi.org/10.1088/0253-6102/58/1/16}}

@article{Eichmann:2016yit,
	Archiveprefix = {arXiv},
	Author = {Eichmann, Gernot and Sanchis-Alepuz, Helios and Williams, Richard and Alkofer, Reinhard and Fischer, Christian S.},
	Doi = {10.1016/j.ppnp.2016.07.001},
	Eprint = {1606.09602},
	Journal = {Prog. Part. Nucl. Phys.},
	Pages = {1-100},
	Primaryclass = {hep-ph},
	Slaccitation = {%%CITATION = ARXIV:1606.09602;%%},
	Title = {{Baryons as relativistic three-quark bound states}},
	Volume = {91},
	Year = {2016},
	Bdsk-Url-1 = {https://doi.org/10.1016/j.ppnp.2016.07.001}}

@article{Alkofer:2000wg,
	Archiveprefix = {arXiv},
	Author = {Alkofer, Reinhard and von Smekal, Lorenz},
	Date-Added = {2018-12-02 12:48:58 +0100},
	Date-Modified = {2018-12-02 12:48:58 +0100},
	Doi = {10.1016/S0370-1573(01)00010-2},
	Eprint = {hep-ph/0007355},
	Journal = {Phys. Rept.},
	Pages = {281},
	Primaryclass = {hep-ph},
	Reportnumber = {UNITUE-THEP-00-09, FAU-TP3-00-8},
	Slaccitation = {%%CITATION = HEP-PH/0007355;%%},
	Title = {{The Infrared behavior of QCD Green's functions: Confinement dynamical symmetry breaking, and hadrons as relativistic bound states}},
	Volume = {353},
	Year = {2001},
	Bdsk-Url-1 = {https://doi.org/10.1016/S0370-1573(01)00010-2}}

@article{Tanabashi:2018oca,
	Author = {Tanabashi, M. and others},
	Collaboration = {Particle Data Group},
	Doi = {10.1103/PhysRevD.98.030001},
	Journal = {Phys. Rev.},
	Number = {3},
	Pages = {030001},
	Slaccitation = {%%CITATION = PHRVA,D98,030001;%%},
	Title = {{Review of Particle Physics}},
	Volume = {D98},
	Year = {2018},
	Bdsk-Url-1 = {https://doi.org/10.1103/PhysRevD.98.030001}}

@article{Patrignani:2016xqp,
	Author = {Patrignani, C. and others},
	Collaboration = {Particle Data Group},
	Date-Added = {2018-07-15 15:54:23 +0000},
	Date-Modified = {2018-07-15 15:54:23 +0000},
	Doi = {10.1088/1674-1137/40/10/100001},
	Journal = {Chin. Phys.},
	Number = {10},
	Pages = {100001},
	Slaccitation = {%%CITATION = CHPHD,C40,100001;%%},
	Title = {{Review of Particle Physics}},
	Volume = {C40},
	Year = {2016},
	Bdsk-Url-1 = {https://doi.org/10.1088/1674-1137/40/10/100001}}

@article{Braun:2017srn,
	Archiveprefix = {arXiv},
	Author = {Braun, Jens and Leonhardt, Marc and Pospiech, Martin},
	Date-Added = {2018-06-28 13:02:51 +0000},
	Date-Modified = {2018-06-28 13:02:51 +0000},
	Doi = {10.1103/PhysRevD.96.076003},
	Eprint = {1705.00074},
	Journal = {Phys. Rev.},
	Number = {7},
	Pages = {076003},
	Primaryclass = {hep-ph},
	Slaccitation = {%%CITATION = ARXIV:1705.00074;%%},
	Title = {{Fierz-complete NJL model study: Fixed points and phase structure at finite temperature and density}},
	Volume = {D96},
	Year = {2017},
	Bdsk-Url-1 = {https://doi.org/10.1103/PhysRevD.96.076003}}

@article{Meehan:2016qon,
	Author = {Meehan, Kathryn C.},
	Booktitle = {{Proceedings, 25th International Conference on Ultra-Relativistic Nucleus-Nucleus Collisions (Quark Matter 2015): Kobe, Japan, September 27-October 3, 2015}},
	Collaboration = {STAR},
	Doi = {10.1016/j.nuclphysa.2016.04.016},
	Journal = {Nucl. Phys.},
	Pages = {878-881},
	Slaccitation = {%%CITATION = NUPHA,A956,878;%%},
	Title = {{Fixed Target Collisions at STAR}},
	Volume = {A956},
	Year = {2016},
	Bdsk-Url-1 = {https://doi.org/10.1016/j.nuclphysa.2016.04.016}}

@article{Cyrol:2018xeq,
	Archiveprefix = {arXiv},
	Author = {Cyrol, Anton K. and Pawlowski, Jan M. and Rothkopf, Alexander and Wink, Nicolas},
	Doi = {10.21468/SciPostPhys.5.6.065},
	Eprint = {1804.00945},
	Journal = {SciPost Phys.},
	Pages = {065},
	Primaryclass = {hep-ph},
	Slaccitation = {%%CITATION = ARXIV:1804.00945;%%},
	Title = {{Reconstructing the gluon}},
	Volume = {5},
	Year = {2018},
	Bdsk-Url-1 = {https://doi.org/10.21468/SciPostPhys.5.6.065}}

@article{Cyrol:2017qkl,
	Archiveprefix = {arXiv},
	Author = {Cyrol, Anton K. and Mitter, Mario and Pawlowski, Jan M. and Strodthoff, Nils},
	Date-Added = {2018-05-30 05:35:33 +0000},
	Date-Modified = {2018-05-30 05:35:33 +0000},
	Doi = {10.1103/PhysRevD.97.054015},
	Eprint = {1708.03482},
	Journal = {Phys. Rev.},
	Number = {5},
	Pages = {054015},
	Primaryclass = {hep-ph},
	Slaccitation = {%%CITATION = ARXIV:1708.03482;%%},
	Title = {{Nonperturbative finite-temperature Yang-Mills theory}},
	Volume = {D97},
	Year = {2018},
	Bdsk-Url-1 = {https://doi.org/10.1103/PhysRevD.97.054015}}

@article{Cyrol:2017ewj,
	Archiveprefix = {arXiv},
	Author = {Cyrol, Anton K. and Mitter, Mario and Pawlowski, Jan M. and Strodthoff, Nils},
	Date-Added = {2018-05-30 05:35:01 +0000},
	Date-Modified = {2018-05-30 05:35:01 +0000},
	Doi = {10.1103/PhysRevD.97.054006},
	Eprint = {1706.06326},
	Journal = {Phys. Rev.},
	Number = {5},
	Pages = {054006},
	Primaryclass = {hep-ph},
	Slaccitation = {%%CITATION = ARXIV:1706.06326;%%},
	Title = {{Nonperturbative quark, gluon, and meson correlators of unquenched QCD}},
	Volume = {D97},
	Year = {2018},
	Bdsk-Url-1 = {https://doi.org/10.1103/PhysRevD.97.054006}}

@article{Rennecke:2016tkm,
	Archiveprefix = {arXiv},
	Author = {Rennecke, Fabian and Schaefer, Bernd-Jochen},
	Date-Added = {2018-05-30 05:33:59 +0000},
	Date-Modified = {2018-05-30 05:33:59 +0000},
	Doi = {10.1103/PhysRevD.96.016009},
	Eprint = {1610.08748},
	Journal = {Phys. Rev.},
	Number = {1},
	Pages = {016009},
	Primaryclass = {hep-ph},
	Slaccitation = {%%CITATION = ARXIV:1610.08748;%%},
	Title = {{Fluctuation-induced modifications of the phase structure in (2+1)-flavor QCD}},
	Volume = {D96},
	Year = {2017},
	Bdsk-Url-1 = {https://doi.org/10.1103/PhysRevD.96.016009}}

@article{vonSmekal:2012vx,
	Archiveprefix = {arXiv},
	Author = {von Smekal, L.},
	Booktitle = {{Physics at all scales: The Renormalization Group. Proceedings, 49. Internationale Universittswochen fr Theoretische Physik, Winter School: Schladming, Austria, February 26-March 5, 2011}},
	Date-Added = {2018-05-30 05:25:53 +0000},
	Date-Modified = {2018-05-30 05:25:53 +0000},
	Doi = {10.1016/j.nuclphysbps.2012.06.006},
	Eprint = {1205.4205},
	Journal = {Nucl. Phys. Proc. Suppl.},
	Pages = {179-220},
	Primaryclass = {hep-ph},
	Slaccitation = {%%CITATION = ARXIV:1205.4205;%%},
	Title = {{Universal Aspects of QCD-like Theories}},
	Volume = {228},
	Year = {2012},
	Bdsk-Url-1 = {https://doi.org/10.1016/j.nuclphysbps.2012.06.006}}

@article{Schaefer:2006sr,
	Archiveprefix = {arXiv},
	Author = {Schaefer, Bernd-Jochen and Wambach, Jochen},
	Booktitle = {{Helmholtz International Summer School on Dense Matter in Heavy Ion Collisions and Astrophysics Dubna, Russia, August 21-September 1, 2006}},
	Date-Added = {2018-05-30 05:24:03 +0000},
	Date-Modified = {2018-05-30 05:24:03 +0000},
	Doi = {10.1134/S1063779608070083},
	Eprint = {hep-ph/0611191},
	Journal = {Phys. Part. Nucl.},
	Pages = {1025-1032},
	Primaryclass = {hep-ph},
	Slaccitation = {%%CITATION = HEP-PH/0611191;%%},
	Title = {{Renormalization group approach towards the QCD phase diagram}},
	Volume = {39},
	Year = {2008},
	Bdsk-Url-1 = {https://doi.org/10.1134/S1063779608070083}}

@article{Gies:2006wv,
	Archiveprefix = {arXiv},
	Author = {Gies, Holger},
	Booktitle = {{Renormalization group and effective field theory approaches to many-body systems}},
	Date-Added = {2018-05-30 05:23:31 +0000},
	Date-Modified = {2018-05-30 05:23:31 +0000},
	Doi = {10.1007/978-3-642-27320-9_6},
	Eprint = {hep-ph/0611146},
	Journal = {Lect. Notes Phys.},
	Pages = {287-348},
	Primaryclass = {hep-ph},
	Slaccitation = {%%CITATION = HEP-PH/0611146;%%},
	Title = {{Introduction to the functional RG and applications to gauge theories}},
	Volume = {852},
	Year = {2012},
	Bdsk-Url-1 = {https://doi.org/10.1007/978-3-642-27320-9_6}}

@article{Berges:2000ew,
	Archiveprefix = {arXiv},
	Author = {Berges, Juergen and Tetradis, Nikolaos and Wetterich, Christof},
	Date-Added = {2018-05-30 05:21:58 +0000},
	Date-Modified = {2018-05-30 05:21:58 +0000},
	Doi = {10.1016/S0370-1573(01)00098-9},
	Eprint = {hep-ph/0005122},
	Journal = {Phys. Rept.},
	Pages = {223-386},
	Primaryclass = {hep-ph},
	Reportnumber = {MIT-CTP-2980, HD-THEP-00-26},
	Slaccitation = {%%CITATION = HEP-PH/0005122;%%},
	Title = {{Nonperturbative renormalization flow in quantum field theory and statistical physics}},
	Volume = {363},
	Year = {2002},
	Bdsk-Url-1 = {https://doi.org/10.1016/S0370-1573(01)00098-9}}

@inproceedings{Litim:1998nf,
	Archiveprefix = {arXiv},
	Author = {Litim, Daniel F. and Pawlowski, Jan M.},
	Booktitle = {{The exact renormalization group. Proceedings, Workshop, Faro, Portugal, September 10-12, 1998}},
	Date-Added = {2018-05-30 05:21:22 +0000},
	Date-Modified = {2018-05-30 05:21:22 +0000},
	Eprint = {hep-th/9901063},
	Pages = {168-185},
	Primaryclass = {hep-th},
	Reportnumber = {DIAS-STP-99-01, ECM-UB-PF-99-02},
	Slaccitation = {%%CITATION = HEP-TH/9901063;%%},
	Title = {{On gauge invariant Wilsonian flows}},
	Url = {https://inspirehep.net/record/482330/files/arXiv:hep-th_9901063.pdf},
	Year = {1998},
	Bdsk-Url-1 = {https://inspirehep.net/record/482330/files/arXiv:hep-th_9901063.pdf}}

@article{Almasi:2017bhq,
	Archiveprefix = {arXiv},
	Author = {Almasi, Gabor Andras and Friman, Bengt and Redlich, Krzysztof},
	Date-Added = {2018-05-29 15:53:02 +0000},
	Date-Modified = {2018-05-29 15:53:02 +0000},
	Doi = {10.1103/PhysRevD.96.014027},
	Eprint = {1703.05947},
	Journal = {Phys. Rev.},
	Number = {1},
	Pages = {014027},
	Primaryclass = {hep-ph},
	Slaccitation = {%%CITATION = ARXIV:1703.05947;%%},
	Title = {{Baryon number fluctuations in chiral effective models and their phenomenological implications}},
	Volume = {D96},
	Year = {2017},
	Bdsk-Url-1 = {https://doi.org/10.1103/PhysRevD.96.014027}}

@article{Morita:2012kt,
	Archiveprefix = {arXiv},
	Author = {Morita, Kenji and Skokov, Vladimir and Friman, Bengt and Redlich, Krzysztof},
	Date-Added = {2018-05-29 15:46:08 +0000},
	Date-Modified = {2018-05-29 15:46:08 +0000},
	Doi = {10.1140/epjc/s10052-013-2706-1},
	Eprint = {1211.4703},
	Journal = {Eur. Phys. J.},
	Pages = {2706},
	Primaryclass = {hep-ph},
	Reportnumber = {YITP-12-91},
	Slaccitation = {%%CITATION = ARXIV:1211.4703;%%},
	Title = {{Net baryon number probability distribution near the chiral phase transition}},
	Volume = {C74},
	Year = {2014},
	Bdsk-Url-1 = {https://doi.org/10.1140/epjc/s10052-013-2706-1}}

@article{Skokov:2010wb,
	Archiveprefix = {arXiv},
	Author = {Skokov, V. and Stokic, B. and Friman, B. and Redlich, K.},
	Date-Added = {2018-05-29 15:38:05 +0000},
	Date-Modified = {2018-05-29 15:38:05 +0000},
	Doi = {10.1103/PhysRevC.82.015206},
	Eprint = {1004.2665},
	Journal = {Phys. Rev.},
	Pages = {015206},
	Primaryclass = {hep-ph},
	Reportnumber = {CERN-PH-TH-2010-081},
	Slaccitation = {%%CITATION = ARXIV:1004.2665;%%},
	Title = {{Meson fluctuations and thermodynamics of the Polyakov loop extended quark-meson model}},
	Volume = {C82},
	Year = {2010},
	Bdsk-Url-1 = {https://doi.org/10.1103/PhysRevC.82.015206}}

@article{Skokov:2010uh,
	Archiveprefix = {arXiv},
	Author = {Skokov, V. and Friman, B. and Redlich, K.},
	Date-Added = {2018-05-29 15:36:10 +0000},
	Date-Modified = {2018-05-29 15:36:10 +0000},
	Doi = {10.1103/PhysRevC.83.054904},
	Eprint = {1008.4570},
	Journal = {Phys. Rev.},
	Pages = {054904},
	Primaryclass = {hep-ph},
	Reportnumber = {CERN-PH-TH-2010-191},
	Slaccitation = {%%CITATION = ARXIV:1008.4570;%%},
	Title = {{Quark number fluctuations in the Polyakov loop-extended quark-meson model at finite baryon density}},
	Volume = {C83},
	Year = {2011},
	Bdsk-Url-1 = {https://doi.org/10.1103/PhysRevC.83.054904}}

@article{Skokov:2010sf,
      author         = "Skokov, V. and Friman, B. and Nakano, E. and Redlich, K.
                        and Schaefer, B. -J.",
      title          = "{Vacuum fluctuations and the thermodynamics of chiral
                        models}",
      journal        = "Phys. Rev.",
      volume         = "D82",
      year           = "2010",
      pages          = "034029",
      doi            = "10.1103/PhysRevD.82.034029",
      eprint         = "1005.3166",
      archivePrefix  = "arXiv",
      primaryClass   = "hep-ph",
      reportNumber   = "CERN-PH-TH-2010-106",
      SLACcitation   = "%%CITATION = ARXIV:1005.3166;%%"
}

@article{Herbst:2010rf,
	Archiveprefix = {arXiv},
	Author = {Herbst, Tina Katharina and Pawlowski, Jan M. and Schaefer, Bernd-Jochen},
	Date-Added = {2018-05-29 15:31:12 +0000},
	Date-Modified = {2018-05-29 15:31:12 +0000},
	Doi = {10.1016/j.physletb.2010.12.003},
	Eprint = {1008.0081},
	Journal = {Phys. Lett.},
	Pages = {58-67},
	Primaryclass = {hep-ph},
	Slaccitation = {%%CITATION = ARXIV:1008.0081;%%},
	Title = {{The phase structure of the Polyakovquarkmeson model beyond mean field}},
	Volume = {B696},
	Year = {2011},
	Bdsk-Url-1 = {https://doi.org/10.1016/j.physletb.2010.12.003}}

@article{Herbst:2013ail,
	Archiveprefix = {arXiv},
	Author = {Herbst, Tina K. and Pawlowski, Jan M. and Schaefer, Bernd-Jochen},
	Date-Added = {2018-05-29 15:29:32 +0000},
	Date-Modified = {2018-05-29 15:29:32 +0000},
	Doi = {10.1103/PhysRevD.88.014007},
	Eprint = {1302.1426},
	Journal = {Phys. Rev.},
	Number = {1},
	Pages = {014007},
	Primaryclass = {hep-ph},
	Slaccitation = {%%CITATION = ARXIV:1302.1426;%%},
	Title = {{Phase structure and thermodynamics of QCD}},
	Volume = {D88},
	Year = {2013},
	Bdsk-Url-1 = {https://doi.org/10.1103/PhysRevD.88.014007}}

@article{Borsanyi:2014ewa,
	Archiveprefix = {arXiv},
	Author = {Borsanyi, S. and Fodor, Z. and Katz, S. D. and Krieg, S. and Ratti, C. and Szabo, K. K.},
	Date-Added = {2018-05-29 13:35:40 +0000},
	Date-Modified = {2018-05-29 13:35:40 +0000},
	Doi = {10.1103/PhysRevLett.113.052301},
	Eprint = {1403.4576},
	Journal = {Phys. Rev. Lett.},
	Pages = {052301},
	Primaryclass = {hep-lat},
	Slaccitation = {%%CITATION = ARXIV:1403.4576;%%},
	Title = {{Freeze-out parameters from electric charge and baryon number fluctuations: is there consistency?}},
	Volume = {113},
	Year = {2014},
	Bdsk-Url-1 = {https://doi.org/10.1103/PhysRevLett.113.052301}}

@article{Borsanyi:2010cj,
	Archiveprefix = {arXiv},
	Author = {Borsanyi, Szabolcs and Endrodi, Gergely and Fodor, Zoltan and Jakovac, Antal and Katz, Sandor D. and Krieg, Stefan and Ratti, Claudia and Szabo, Kalman K.},
	Date-Added = {2018-05-29 13:27:16 +0000},
	Date-Modified = {2018-05-29 13:27:16 +0000},
	Doi = {10.1007/JHEP11(2010)077},
	Eprint = {1007.2580},
	Journal = {JHEP},
	Pages = {077},
	Primaryclass = {hep-lat},
	Reportnumber = {WUB-10-12},
	Slaccitation = {%%CITATION = ARXIV:1007.2580;%%},
	Title = {{The QCD equation of state with dynamical quarks}},
	Volume = {11},
	Year = {2010},
	Bdsk-Url-1 = {https://doi.org/10.1007/JHEP11(2010)077}}

@article{Aoki:2006we,
	Archiveprefix = {arXiv},
	Author = {Aoki, Y. and Endrodi, G. and Fodor, Z. and Katz, S. D. and Szabo, K. K.},
	Date-Added = {2018-05-29 13:24:41 +0000},
	Date-Modified = {2018-05-29 13:24:41 +0000},
	Doi = {10.1038/nature05120},
	Eprint = {hep-lat/0611014},
	Journal = {Nature},
	Pages = {675-678},
	Primaryclass = {hep-lat},
	Slaccitation = {%%CITATION = HEP-LAT/0611014;%%},
	Title = {{The Order of the quantum chromodynamics transition predicted by the standard model of particle physics}},
	Volume = {443},
	Year = {2006},
	Bdsk-Url-1 = {https://doi.org/10.1038/nature05120}}

@article{Bazavov:2017dus,
	Archiveprefix = {arXiv},
	Author = {Bazavov, A. and others},
	Date-Added = {2018-05-29 08:30:33 +0000},
	Date-Modified = {2018-05-29 08:30:33 +0000},
	Doi = {10.1103/PhysRevD.95.054504},
	Eprint = {1701.04325},
	Journal = {Phys. Rev.},
	Number = {5},
	Pages = {054504},
	Primaryclass = {hep-lat},
	Slaccitation = {%%CITATION = ARXIV:1701.04325;%%},
	Title = {{The QCD Equation of State to $\mathcal{O}(\mu_B^6)$ from Lattice QCD}},
	Volume = {D95},
	Year = {2017},
	Bdsk-Url-1 = {https://doi.org/10.1103/PhysRevD.95.054504}}

@article{Cheng:2007jq,
	Archiveprefix = {arXiv},
	Author = {Cheng, M. and others},
	Date-Added = {2018-05-29 08:27:17 +0000},
	Date-Modified = {2018-05-29 08:27:17 +0000},
	Doi = {10.1103/PhysRevD.77.014511},
	Eprint = {0710.0354},
	Journal = {Phys. Rev.},
	Pages = {014511},
	Primaryclass = {hep-lat},
	Reportnumber = {BNL-NT-07-38, BI-TP-2007-20, CU-TP-1181},
	Slaccitation = {%%CITATION = ARXIV:0710.0354;%%},
	Title = {{The QCD equation of state with almost physical quark masses}},
	Volume = {D77},
	Year = {2008},
	Bdsk-Url-1 = {https://doi.org/10.1103/PhysRevD.77.014511}}

@article{Karsch:2001cy,
	Archiveprefix = {arXiv},
	Author = {Karsch, F.},
	Booktitle = {{Lectures on quark matter. Proceedings, 40. International Universittswochen for theoretical physics, 40th Winter School, IUKT 40: Schladming, Austria, March 3-10, 2001}},
	Date-Added = {2018-05-29 08:23:28 +0000},
	Date-Modified = {2018-05-29 08:23:28 +0000},
	Doi = {10.1007/3-540-45792-5_6},
	Eprint = {hep-lat/0106019},
	Journal = {Lect. Notes Phys.},
	Pages = {209-249},
	Primaryclass = {hep-lat},
	Reportnumber = {BI-TP-2001-10},
	Slaccitation = {%%CITATION = HEP-LAT/0106019;%%},
	Title = {{Lattice QCD at high temperature and density}},
	Volume = {583},
	Year = {2002},
	Bdsk-Url-1 = {https://doi.org/10.1007/3-540-45792-5_6}}

@article{Stephanov:2007fk,
	Archiveprefix = {arXiv},
	Author = {Stephanov, M. A.},
	Booktitle = {{Proceedings, 24th International Symposium on Lattice Field Theory (Lattice 2006): Tucson, USA, July 23-28, 2006}},
	Date-Added = {2018-05-29 06:33:19 +0000},
	Date-Modified = {2018-05-29 06:33:19 +0000},
	Eprint = {hep-lat/0701002},
	Journal = {PoS},
	Pages = {024},
	Primaryclass = {hep-lat},
	Slaccitation = {%%CITATION = HEP-LAT/0701002;%%},
	Title = {{QCD phase diagram: An Overview}},
	Volume = {LAT2006},
	Year = {2006}}

@article{Christiansen:2014raa,
	Archiveprefix = {arXiv},
	Author = {Christiansen, Nicolai and Knorr, Benjamin and Pawlowski, Jan M. and Rodigast, Andreas},
	Doi = {10.1103/PhysRevD.93.044036},
	Eprint = {1403.1232},
	Journal = {Phys. Rev.},
	Number = {4},
	Pages = {044036},
	Primaryclass = {hep-th},
	Slaccitation = {%%CITATION = ARXIV:1403.1232;%%},
	Title = {{Global Flows in Quantum Gravity}},
	Volume = {D93},
	Year = {2016},
	Bdsk-Url-1 = {https://doi.org/10.1103/PhysRevD.93.044036}}

@article{Litim:2006nn,
	Archiveprefix = {arXiv},
	Author = {Litim, Daniel F. and Pawlowski, Jan M. and Vergara, Lautaro},
	Eprint = {hep-th/0602140},
	Primaryclass = {hep-th},
	Reportnumber = {HD-THEP-05-22, SHEP-0531, CERN-PH-TH-2005-252},
	Slaccitation = {%%CITATION = HEP-TH/0602140;%%},
	Title = {{Convexity of the effective action from functional flows}},
	Year = {2006}}

@article{Pawlowski:2010ht,
	Archiveprefix = {arXiv},
	Author = {Pawlowski, Jan M.},
	Booktitle = {{Proceedings, 9th Conference on Quark Confinement and the Hadron Spectrum: Madrid, Spain, 30 Aug-3 Sep 2010}},
	Date-Added = {2018-05-23 08:44:42 +0000},
	Date-Modified = {2018-05-23 08:44:42 +0000},
	Doi = {10.1063/1.3574945},
	Eprint = {1012.5075},
	Journal = {AIP Conf. Proc.},
	Pages = {75-80},
	Primaryclass = {hep-ph},
	Slaccitation = {%%CITATION = ARXIV:1012.5075;%%},
	Title = {{The QCD phase diagram: Results and challenges}},
	Volume = {1343},
	Year = {2011},
	Bdsk-Url-1 = {https://doi.org/10.1063/1.3574945}}

@article{Lo:2013hla,
	Archiveprefix = {arXiv},
	Author = {Lo, Pok Man and Friman, Bengt and Kaczmarek, Olaf and Redlich, Krzysztof and Sasaki, Chihiro},
	Date-Added = {2018-05-23 02:31:19 +0000},
	Date-Modified = {2018-05-23 02:31:19 +0000},
	Doi = {10.1103/PhysRevD.88.074502},
	Eprint = {1307.5958},
	Journal = {Phys. Rev.},
	Pages = {074502},
	Primaryclass = {hep-lat},
	Slaccitation = {%%CITATION = ARXIV:1307.5958;%%},
	Title = {{Polyakov loop fluctuations in SU(3) lattice gauge theory and an effective gluon potential}},
	Volume = {D88},
	Year = {2013},
	Bdsk-Url-1 = {https://doi.org/10.1103/PhysRevD.88.074502}}

@article{Sakai:2008py,
	Archiveprefix = {arXiv},
	Author = {Sakai, Yuji and Kashiwa, Kouji and Kouno, Hiroaki and Yahiro, Masanobu},
	Date-Added = {2018-05-19 01:57:51 +0000},
	Date-Modified = {2018-05-19 01:57:51 +0000},
	Doi = {10.1103/PhysRevD.77.051901},
	Eprint = {0801.0034},
	Journal = {Phys. Rev.},
	Pages = {051901},
	Primaryclass = {hep-ph},
	Slaccitation = {%%CITATION = ARXIV:0801.0034;%%},
	Title = {{Polyakov loop extended NJL model with imaginary chemical potential}},
	Volume = {D77},
	Year = {2008},
	Bdsk-Url-1 = {https://doi.org/10.1103/PhysRevD.77.051901}}

@article{Roberge:1986mm,
	Author = {Roberge, Andre and Weiss, Nathan},
	Date-Added = {2018-05-19 01:56:02 +0000},
	Date-Modified = {2018-05-19 01:56:02 +0000},
	Doi = {10.1016/0550-3213(86)90582-1},
	Journal = {Nucl. Phys.},
	Pages = {734-745},
	Reportnumber = {PRINT-86-0360 (BRITISH-COLUMBIA)},
	Slaccitation = {%%CITATION = NUPHA,B275,734;%%},
	Title = {{Gauge Theories With Imaginary Chemical Potential and the Phases of {QCD}}},
	Volume = {B275},
	Year = {1986},
	Bdsk-Url-1 = {https://doi.org/10.1016/0550-3213(86)90582-1}}

@article{Morita:2014fda,
	Archiveprefix = {arXiv},
	Author = {Morita, Kenji and Friman, Bengt and Redlich, Krzysztof},
	Date-Added = {2018-05-07 05:55:41 +0000},
	Date-Modified = {2018-05-07 05:55:41 +0000},
	Doi = {10.1016/j.physletb.2014.12.037},
	Eprint = {1402.5982},
	Journal = {Phys. Lett.},
	Pages = {178-183},
	Primaryclass = {hep-ph},
	Slaccitation = {%%CITATION = ARXIV:1402.5982;%%},
	Title = {{Criticality of the net-baryon number probability distribution at finite density}},
	Volume = {B741},
	Year = {2015},
	Bdsk-Url-1 = {https://doi.org/10.1016/j.physletb.2014.12.037}}

@article{Morita:2013tu,
	Archiveprefix = {arXiv},
	Author = {Morita, Kenji and Friman, Bengt and Redlich, Krzysztof and Skokov, Vladimir},
	Date-Added = {2018-05-07 05:54:21 +0000},
	Date-Modified = {2018-05-07 05:54:21 +0000},
	Doi = {10.1103/PhysRevC.88.034903},
	Eprint = {1301.2873},
	Journal = {Phys. Rev.},
	Number = {3},
	Pages = {034903},
	Primaryclass = {hep-ph},
	Reportnumber = {YITP-13-2},
	Slaccitation = {%%CITATION = ARXIV:1301.2873;%%},
	Title = {{Net quark number probability distribution near the chiral crossover transition}},
	Volume = {C88},
	Year = {2013},
	Bdsk-Url-1 = {https://doi.org/10.1103/PhysRevC.88.034903}}

@article{Jiang:2017sni,
	Archiveprefix = {arXiv},
	Author = {Jiang, Lijia and Zheng, Jun-Hui and Stoecker, Horst},
	Date-Added = {2018-01-08 09:08:26 +0000},
	Date-Modified = {2018-01-08 09:08:26 +0000},
	Eprint = {1711.05339},
	Primaryclass = {nucl-th},
	Slaccitation = {%%CITATION = ARXIV:1711.05339;%%},
	Title = {{Ising parameterization of QCD Landau free energy and its dynamics}},
	Year = {2017}}

@article{Jiang:2015hri,
	Archiveprefix = {arXiv},
	Author = {Jiang, Lijia and Li, Pengfei and Song, Huichao},
	Date-Added = {2018-01-08 09:03:30 +0000},
	Date-Modified = {2018-01-08 09:03:30 +0000},
	Doi = {10.1103/PhysRevC.94.024918},
	Eprint = {1512.06164},
	Journal = {Phys. Rev.},
	Number = {2},
	Pages = {024918},
	Primaryclass = {nucl-th},
	Slaccitation = {%%CITATION = ARXIV:1512.06164;%%},
	Title = {{Correlated fluctuations near the QCD critical point}},
	Volume = {C94},
	Year = {2016},
	Bdsk-Url-1 = {https://dx.doi.org/10.1103/PhysRevC.94.024918}}

@article{Stephanov:2017wlw,
	Archiveprefix = {arXiv},
	Author = {Stephanov, M. and Yin, Y.},
	Booktitle = {{Proceedings, 26th International Conference on Ultra-relativistic Nucleus-Nucleus Collisions (Quark Matter 2017): Chicago, Illinois, USA, February 5-11, 2017}},
	Date-Added = {2018-01-08 08:51:08 +0000},
	Date-Modified = {2018-01-08 08:51:08 +0000},
	Doi = {10.1016/j.nuclphysa.2017.06.051},
	Eprint = {1704.07396},
	Journal = {Nucl. Phys.},
	Pages = {876-879},
	Primaryclass = {nucl-th},
	Slaccitation = {%%CITATION = ARXIV:1704.07396;%%},
	Title = {{Hydrodynamics and critical slowing down}},
	Volume = {A967},
	Year = {2017},
	Bdsk-Url-1 = {https://dx.doi.org/10.1016/j.nuclphysa.2017.06.051}}

@article{Stephanov:2017ghc,
	Archiveprefix = {arXiv},
	Author = {Stephanov, M. and Yin, Y.},
	Date-Added = {2018-01-08 08:50:23 +0000},
	Date-Modified = {2018-01-08 08:50:23 +0000},
	Eprint = {1712.10305},
	Primaryclass = {nucl-th},
	Reportnumber = {MIT-CTP-4969},
	Slaccitation = {%%CITATION = ARXIV:1712.10305;%%},
	Title = {{Hydro+: hydrodynamics with parametric slowing down and fluctuations near the critical point}},
	Year = {2017}}

@article{Mukherjee:2016kyu,
	Archiveprefix = {arXiv},
	Author = {Mukherjee, Swagato and Venugopalan, Raju and Yin, Yi},
	Date-Added = {2018-01-08 08:49:17 +0000},
	Date-Modified = {2018-01-08 08:49:17 +0000},
	Doi = {10.1103/PhysRevLett.117.222301},
	Eprint = {1605.09341},
	Journal = {Phys. Rev. Lett.},
	Number = {22},
	Pages = {222301},
	Primaryclass = {hep-ph},
	Slaccitation = {%%CITATION = ARXIV:1605.09341;%%},
	Title = {{Universal off-equilibrium scaling of critical cumulants in the QCD phase diagram}},
	Volume = {117},
	Year = {2016},
	Bdsk-Url-1 = {https://dx.doi.org/10.1103/PhysRevLett.117.222301}}

@article{Pawlowski:2017gxj,
	Archiveprefix = {arXiv},
	Author = {Pawlowski, Jan M. and Strodthoff, Nils and Wink, Nicolas},
	Date-Added = {2018-01-08 08:28:41 +0000},
	Date-Modified = {2018-01-08 08:28:41 +0000},
	Eprint = {1711.07444},
	Primaryclass = {hep-th},
	Slaccitation = {%%CITATION = ARXIV:1711.07444;%%},
	Title = {{Finite temperature spectral functions in the O(N)-model}},
	Year = {2017}}

@article{Xu:2016skm,
	Archiveprefix = {arXiv},
	Author = {Xu, Hao-jie},
	Date-Added = {2018-01-08 06:52:54 +0000},
	Date-Modified = {2018-01-08 06:52:54 +0000},
	Doi = {10.1016/j.physletb.2016.12.015},
	Eprint = {1612.06485},
	Journal = {Phys. Lett.},
	Pages = {188-192},
	Primaryclass = {nucl-th},
	Slaccitation = {%%CITATION = ARXIV:1612.06485;%%},
	Title = {{Effects of volume corrections and resonance decays on cumulants of net-charge distributions in a Monte Carlo hadron resonance gas model}},
	Volume = {B765},
	Year = {2017},
	Bdsk-Url-1 = {https://dx.doi.org/10.1016/j.physletb.2016.12.015}}

@article{Braun-Munzinger:2016yjz,
	Archiveprefix = {arXiv},
	Author = {Braun-Munzinger, P. and Rustamov, A. and Stachel, J.},
	Date-Added = {2018-01-08 06:45:24 +0000},
	Date-Modified = {2018-01-08 06:45:24 +0000},
	Doi = {10.1016/j.nuclphysa.2017.01.011},
	Eprint = {1612.00702},
	Journal = {Nucl. Phys.},
	Pages = {114-130},
	Primaryclass = {nucl-th},
	Slaccitation = {%%CITATION = ARXIV:1612.00702;%%},
	Title = {{Bridging the gap between event-by-event fluctuation measurements and theory predictions in relativistic nuclear collisions}},
	Volume = {A960},
	Year = {2017},
	Bdsk-Url-1 = {https://dx.doi.org/10.1016/j.nuclphysa.2017.01.011}}

@article{Qin:2010nq,
	Archiveprefix = {arXiv},
	Author = {Qin, Si-xue and Chang, Lei and Chen, Huan and Liu, Yu-xin and Roberts, Craig D.},
	Date-Added = {2018-01-08 06:06:03 +0000},
	Date-Modified = {2018-01-08 06:06:03 +0000},
	Doi = {10.1103/PhysRevLett.106.172301},
	Eprint = {1011.2876},
	Journal = {Phys. Rev. Lett.},
	Pages = {172301},
	Primaryclass = {nucl-th},
	Slaccitation = {%%CITATION = ARXIV:1011.2876;%%},
	Title = {{Phase diagram and critical endpoint for strongly-interacting quarks}},
	Volume = {106},
	Year = {2011},
	Bdsk-Url-1 = {https://dx.doi.org/10.1103/PhysRevLett.106.172301}}

@article{Xin:2014ela,
	Author = {Xin, Xian-yin and Qin, Si-xue and Liu, Yu-xin},
	Date-Added = {2018-01-08 06:04:15 +0000},
	Date-Modified = {2018-01-08 06:04:15 +0000},
	Doi = {10.1103/PhysRevD.90.076006},
	Journal = {Phys. Rev.},
	Number = {7},
	Pages = {076006},
	Slaccitation = {%%CITATION = PHRVA,D90,076006;%%},
	Title = {{Quark number fluctuations at finite temperature and finite chemical potential via the Dyson-Schwinger equation approach}},
	Volume = {D90},
	Year = {2014},
	Bdsk-Url-1 = {https://dx.doi.org/10.1103/PhysRevD.90.076006}}

@article{Gao:2016qkh,
	Archiveprefix = {arXiv},
	Author = {Gao, Fei and Liu, Yu-xin},
	Date-Added = {2018-01-08 06:01:54 +0000},
	Date-Modified = {2018-01-08 06:01:54 +0000},
	Doi = {10.1103/PhysRevD.94.076009},
	Eprint = {1607.01675},
	Journal = {Phys. Rev.},
	Number = {7},
	Pages = {076009},
	Primaryclass = {hep-ph},
	Slaccitation = {%%CITATION = ARXIV:1607.01675;%%},
	Title = {{QCD phase transitions via a refined truncation of Dyson-Schwinger equations}},
	Volume = {D94},
	Year = {2016},
	Bdsk-Url-1 = {https://dx.doi.org/10.1103/PhysRevD.94.076009}}

@article{Braun:2008pi,
	Archiveprefix = {arXiv},
	Author = {Braun, Jens},
	Date-Added = {2018-01-08 05:35:34 +0000},
	Date-Modified = {2018-01-08 05:35:34 +0000},
	Doi = {10.1140/epjc/s10052-009-1136-6},
	Eprint = {0810.1727},
	Journal = {Eur. Phys. J.},
	Pages = {459-482},
	Primaryclass = {hep-ph},
	Slaccitation = {%%CITATION = ARXIV:0810.1727;%%},
	Title = {{The QCD Phase Boundary from Quark-Gluon Dynamics}},
	Volume = {C64},
	Year = {2009},
	Bdsk-Url-1 = {https://dx.doi.org/10.1140/epjc/s10052-009-1136-6}}

@article{Braun:2006jd,
	Archiveprefix = {arXiv},
	Author = {Braun, Jens and Gies, Holger},
	Date-Added = {2018-01-08 05:33:21 +0000},
	Date-Modified = {2018-01-08 05:33:21 +0000},
	Doi = {10.1088/1126-6708/2006/06/024},
	Eprint = {hep-ph/0602226},
	Journal = {JHEP},
	Pages = {024},
	Primaryclass = {hep-ph},
	Slaccitation = {%%CITATION = HEP-PH/0602226;%%},
	Title = {{Chiral phase boundary of QCD at finite temperature}},
	Volume = {06},
	Year = {2006},
	Bdsk-Url-1 = {https://dx.doi.org/10.1088/1126-6708/2006/06/024}}

@article{Braun:2009gm,
	Archiveprefix = {arXiv},
	Author = {Braun, Jens and Haas, Lisa M. and Marhauser, Florian and Pawlowski, Jan M.},
	Date-Added = {2018-01-08 05:29:19 +0000},
	Date-Modified = {2018-01-08 05:29:19 +0000},
	Doi = {10.1103/PhysRevLett.106.022002},
	Eprint = {0908.0008},
	Journal = {Phys. Rev. Lett.},
	Pages = {022002},
	Primaryclass = {hep-ph},
	Slaccitation = {%%CITATION = ARXIV:0908.0008;%%},
	Title = {{Phase Structure of Two-Flavor QCD at Finite Chemical Potential}},
	Volume = {106},
	Year = {2011},
	Bdsk-Url-1 = {https://dx.doi.org/10.1103/PhysRevLett.106.022002}}

@article{Marhauser:2008fz,
	Archiveprefix = {arXiv},
	Author = {Marhauser, Florian and Pawlowski, Jan M.},
	Eprint = {0812.1144},
	Primaryclass = {hep-ph},
	Slaccitation = {%%CITATION = ARXIV:0812.1144;%%},
	Title = {{Confinement in Polyakov Gauge}},
	Year = {2008}}

@article{Ding:2015fca,
	Archiveprefix = {arXiv},
	Author = {Ding, H. -T. and Mukherjee, Swagato and Ohno, H. and Petreczky, P. and Schadler, H. -P.},
	Date-Added = {2018-01-08 04:51:17 +0000},
	Date-Modified = {2018-01-08 04:51:17 +0000},
	Doi = {10.1103/PhysRevD.92.074043},
	Eprint = {1507.06637},
	Journal = {Phys. Rev.},
	Number = {7},
	Pages = {074043},
	Primaryclass = {hep-lat},
	Slaccitation = {%%CITATION = ARXIV:1507.06637;%%},
	Title = {{Diagonal and off-diagonal quark number susceptibilities at high temperatures}},
	Volume = {D92},
	Year = {2015},
	Bdsk-Url-1 = {https://dx.doi.org/10.1103/PhysRevD.92.074043}}

@article{Karsch:2017zzw,
	Archiveprefix = {arXiv},
	Author = {Karsch, Frithjof},
	Booktitle = {{Proceedings, 26th International Conference on Ultra-relativistic Nucleus-Nucleus Collisions (Quark Matter 2017): Chicago, Illinois, USA, February 5-11, 2017}},
	Date-Added = {2018-01-08 04:49:31 +0000},
	Date-Modified = {2018-01-08 04:49:31 +0000},
	Doi = {10.1016/j.nuclphysa.2017.06.011},
	Eprint = {1706.01620},
	Journal = {Nucl. Phys.},
	Pages = {461-464},
	Primaryclass = {hep-lat},
	Slaccitation = {%%CITATION = ARXIV:1706.01620;%%},
	Title = {{Conserved charge fluctuations at vanishing and non-vanishing chemical potential}},
	Volume = {A967},
	Year = {2017},
	Bdsk-Url-1 = {https://dx.doi.org/10.1016/j.nuclphysa.2017.06.011}}

@article{Bazavov:2017tot,
	Archiveprefix = {arXiv},
	Author = {Bazavov, A. and others},
	Collaboration = {HotQCD},
	Date-Added = {2018-01-08 04:48:46 +0000},
	Date-Modified = {2018-01-08 04:48:46 +0000},
	Doi = {10.1103/PhysRevD.96.074510},
	Eprint = {1708.04897},
	Journal = {Phys. Rev.},
	Number = {7},
	Pages = {074510},
	Primaryclass = {hep-lat},
	Slaccitation = {%%CITATION = ARXIV:1708.04897;%%},
	Title = {{Skewness and kurtosis of net baryon-number distributions at small values of the baryon chemical potential}},
	Volume = {D96},
	Year = {2017},
	Bdsk-Url-1 = {https://dx.doi.org/10.1103/PhysRevD.96.074510}}

@article{Borsanyi:2013hza,
	Archiveprefix = {arXiv},
	Author = {Borsanyi, S. and Fodor, Z. and Katz, S. D. and Krieg, S. and Ratti, C. and Szabo, K. K.},
	Date-Added = {2018-01-08 04:42:10 +0000},
	Date-Modified = {2018-01-08 04:42:10 +0000},
	Doi = {10.1103/PhysRevLett.111.062005},
	Eprint = {1305.5161},
	Journal = {Phys. Rev. Lett.},
	Pages = {062005},
	Primaryclass = {hep-lat},
	Slaccitation = {%%CITATION = ARXIV:1305.5161;%%},
	Title = {{Freeze-out parameters: lattice meets experiment}},
	Volume = {111},
	Year = {2013},
	Bdsk-Url-1 = {https://dx.doi.org/10.1103/PhysRevLett.111.062005}}

@article{Bellwied:2015lba,
	Archiveprefix = {arXiv},
	Author = {Bellwied, R. and Borsanyi, S. and Fodor, Z. and Katz, S. D. and Pasztor, A. and Ratti, C. and Szabo, K. K.},
	Date-Added = {2018-01-08 04:40:45 +0000},
	Date-Modified = {2018-01-08 04:40:45 +0000},
	Doi = {10.1103/PhysRevD.92.114505},
	Eprint = {1507.04627},
	Journal = {Phys. Rev.},
	Number = {11},
	Pages = {114505},
	Primaryclass = {hep-lat},
	Slaccitation = {%%CITATION = ARXIV:1507.04627;%%},
	Title = {{Fluctuations and correlations in high temperature QCD}},
	Volume = {D92},
	Year = {2015},
	Bdsk-Url-1 = {https://dx.doi.org/10.1103/PhysRevD.92.114505}}

@article{Luo:2015ewa,
	Archiveprefix = {arXiv},
	Author = {Luo, Xiaofeng},
	Booktitle = {{Proceedings, 9th International Workshop on Critical Point and Onset of Deconfinement (CPOD 2014): Bielefeld, Germany, November 17-21, 2014}},
	Collaboration = {STAR},
	Date-Added = {2018-01-07 12:34:13 +0000},
	Date-Modified = {2018-01-07 12:34:13 +0000},
	Eprint = {1503.02558},
	Journal = {PoS},
	Pages = {019},
	Primaryclass = {nucl-ex},
	Slaccitation = {%%CITATION = ARXIV:1503.02558;%%},
	Title = {{Energy Dependence of Moments of Net-Proton and Net-Charge Multiplicity Distributions at STAR}},
	Volume = {CPOD2014},
	Year = {2015}}

@article{Adamczyk:2013dal,
	Archiveprefix = {arXiv},
	Author = {Adamczyk, L. and others},
	Collaboration = {STAR},
	Date-Added = {2018-01-07 12:33:13 +0000},
	Date-Modified = {2018-01-07 12:33:13 +0000},
	Doi = {10.1103/PhysRevLett.112.032302},
	Eprint = {1309.5681},
	Journal = {Phys. Rev. Lett.},
	Pages = {032302},
	Primaryclass = {nucl-ex},
	Slaccitation = {%%CITATION = ARXIV:1309.5681;%%},
	Title = {{Energy Dependence of Moments of Net-proton Multiplicity Distributions at RHIC}},
	Volume = {112},
	Year = {2014},
	Bdsk-Url-1 = {https://dx.doi.org/10.1103/PhysRevLett.112.032302}}

@article{Haas:2013qwp,
	Archiveprefix = {arXiv},
	Author = {Haas, Lisa M. and Stiele, Rainer and Braun, Jens and Pawlowski, Jan M. and Schaffner-Bielich, J{\"u}rgen},
	Date-Added = {2017-12-30 15:19:58 +0000},
	Date-Modified = {2017-12-30 15:19:58 +0000},
	Doi = {10.1103/PhysRevD.87.076004},
	Eprint = {1302.1993},
	Journal = {Phys. Rev.},
	Number = {7},
	Pages = {076004},
	Primaryclass = {hep-ph},
	Slaccitation = {%%CITATION = ARXIV:1302.1993;%%},
	Title = {{Improved Polyakov-loop potential for effective models from functional calculations}},
	Volume = {D87},
	Year = {2013},
	Bdsk-Url-1 = {https://dx.doi.org/10.1103/PhysRevD.87.076004}}

@article{Herbst:2013ufa,
	Archiveprefix = {arXiv},
	Author = {Herbst, Tina Katharina and Mitter, Mario and Pawlowski, Jan M. and Schaefer, Bernd-Jochen and Stiele, Rainer},
	Doi = {10.1016/j.physletb.2014.02.045},
	Eprint = {1308.3621},
	Journal = {Phys. Lett.},
	Pages = {248-256},
	Primaryclass = {hep-ph},
	Slaccitation = {%%CITATION = ARXIV:1308.3621;%%},
	Title = {{Thermodynamics of QCD at vanishing density}},
	Volume = {B731},
	Year = {2014},
	Bdsk-Url-1 = {https://doi.org/10.1016/j.physletb.2014.02.045}}

@article{Herbst:2015ona,
	Archiveprefix = {arXiv},
	Author = {Herbst, Tina K. and Luecker, Jan and Pawlowski, Jan M.},
	Eprint = {1510.03830},
	Primaryclass = {hep-ph},
	Slaccitation = {%%CITATION = ARXIV:1510.03830;%%},
	Title = {{Confinement order parameters and fluctuations}},
	Year = {2015}}

@article{Reinosa:2016iml,
	Archiveprefix = {arXiv},
	Author = {Reinosa, U. and Serreau, J. and Tissier, M. and Tresmontant, A.},
	Doi = {10.1103/PhysRevD.95.045014},
	Eprint = {1606.08012},
	Journal = {Phys. Rev.},
	Number = {4},
	Pages = {045014},
	Primaryclass = {hep-th},
	Slaccitation = {%%CITATION = ARXIV:1606.08012;%%},
	Title = {{Yang-Mills correlators across the deconfinement phase transition}},
	Volume = {D95},
	Year = {2017},
	Bdsk-Url-1 = {https://doi.org/10.1103/PhysRevD.95.045014}}

@article{Luo:2017faz,
	Archiveprefix = {arXiv},
	Author = {Luo, Xiaofeng and Xu, Nu},
	Date-Added = {2017-12-28 09:15:05 +0000},
	Date-Modified = {2017-12-28 09:15:05 +0000},
	Doi = {10.1007/s41365-017-0257-0},
	Eprint = {1701.02105},
	Journal = {Nucl. Sci. Tech.},
	Number = {8},
	Pages = {112},
	Primaryclass = {nucl-ex},
	Slaccitation = {%%CITATION = ARXIV:1701.02105;%%},
	Title = {{Search for the QCD Critical Point with Fluctuations of Conserved Quantities in Relativistic Heavy-Ion Collisions at RHIC : An Overview}},
	Volume = {28},
	Year = {2017},
	Bdsk-Url-1 = {https://dx.doi.org/10.1007/s41365-017-0257-0}}

@article{Mukherjee:2015swa,
	Archiveprefix = {arXiv},
	Author = {Mukherjee, Swagato and Venugopalan, Raju and Yin, Yi},
	Date-Added = {2017-12-28 08:51:42 +0000},
	Date-Modified = {2017-12-28 08:51:42 +0000},
	Doi = {10.1103/PhysRevC.92.034912},
	Eprint = {1506.00645},
	Journal = {Phys. Rev.},
	Number = {3},
	Pages = {034912},
	Primaryclass = {hep-ph},
	Slaccitation = {%%CITATION = ARXIV:1506.00645;%%},
	Title = {{Real time evolution of non-Gaussian cumulants in the QCD critical regime}},
	Volume = {C92},
	Year = {2015},
	Bdsk-Url-1 = {https://dx.doi.org/10.1103/PhysRevC.92.034912}}

@article{Stephanov:2008qz,
	Archiveprefix = {arXiv},
	Author = {Stephanov, M. A.},
	Date-Added = {2017-12-28 08:25:35 +0000},
	Date-Modified = {2017-12-28 08:25:35 +0000},
	Doi = {10.1103/PhysRevLett.102.032301},
	Eprint = {0809.3450},
	Journal = {Phys. Rev. Lett.},
	Pages = {032301},
	Primaryclass = {hep-ph},
	Slaccitation = {%%CITATION = ARXIV:0809.3450;%%},
	Title = {{Non-Gaussian fluctuations near the QCD critical point}},
	Volume = {102},
	Year = {2009},
	Bdsk-Url-1 = {https://dx.doi.org/10.1103/PhysRevLett.102.032301}}

@article{Stephanov:1999zu,
	Archiveprefix = {arXiv},
	Author = {Stephanov, Misha A. and Rajagopal, K. and Shuryak, Edward V.},
	Date-Added = {2017-12-28 08:20:22 +0000},
	Date-Modified = {2017-12-28 08:20:22 +0000},
	Doi = {10.1103/PhysRevD.60.114028},
	Eprint = {hep-ph/9903292},
	Journal = {Phys. Rev.},
	Pages = {114028},
	Primaryclass = {hep-ph},
	Reportnumber = {ITP-SB-99-4, MIT-CTP-2834, SUNY-NTG-99-3},
	Slaccitation = {%%CITATION = HEP-PH/9903292;%%},
	Title = {{Event-by-event fluctuations in heavy ion collisions and the QCD critical point}},
	Volume = {D60},
	Year = {1999},
	Bdsk-Url-1 = {https://dx.doi.org/10.1103/PhysRevD.60.114028}}

@article{Schaefer:2007pw,
	Archiveprefix = {arXiv},
	Author = {Schaefer, Bernd-Jochen and Pawlowski, Jan M. and Wambach, Jochen},
	Date-Added = {2017-12-26 12:51:06 +0000},
	Date-Modified = {2017-12-26 12:51:06 +0000},
	Doi = {10.1103/PhysRevD.76.074023},
	Eprint = {0704.3234},
	Journal = {Phys. Rev.},
	Pages = {074023},
	Primaryclass = {hep-ph},
	Slaccitation = {%%CITATION = ARXIV:0704.3234;%%},
	Title = {{The Phase Structure of the Polyakov--Quark-Meson Model}},
	Volume = {D76},
	Year = {2007},
	Bdsk-Url-1 = {https://dx.doi.org/10.1103/PhysRevD.76.074023}}

@article{Fu:2007xc,
	Archiveprefix = {arXiv},
	Author = {Fu, Wei-jie and Zhang, Zhao and Liu, Yu-xin},
	Date-Added = {2017-12-26 12:49:35 +0000},
	Date-Modified = {2017-12-26 12:49:35 +0000},
	Doi = {10.1103/PhysRevD.77.014006},
	Eprint = {0711.0154},
	Journal = {Phys. Rev.},
	Pages = {014006},
	Primaryclass = {hep-ph},
	Slaccitation = {%%CITATION = ARXIV:0711.0154;%%},
	Title = {{2+1 flavor Polyakov-Nambu-Jona-Lasinio model at finite temperature and nonzero chemical potential}},
	Volume = {D77},
	Year = {2008},
	Bdsk-Url-1 = {https://dx.doi.org/10.1103/PhysRevD.77.014006}}

@article{Ratti:2005jh,
	Archiveprefix = {arXiv},
	Author = {Ratti, Claudia and Thaler, Michael A. and Weise, Wolfram},
	Date-Added = {2017-12-26 12:48:18 +0000},
	Date-Modified = {2017-12-26 12:48:18 +0000},
	Doi = {10.1103/PhysRevD.73.014019},
	Eprint = {hep-ph/0506234},
	Journal = {Phys. Rev.},
	Pages = {014019},
	Primaryclass = {hep-ph},
	Slaccitation = {%%CITATION = HEP-PH/0506234;%%},
	Title = {{Phases of QCD: Lattice thermodynamics and a field theoretical model}},
	Volume = {D73},
	Year = {2006},
	Bdsk-Url-1 = {https://dx.doi.org/10.1103/PhysRevD.73.014019}}

@article{Fukushima:2003fw,
	Archiveprefix = {arXiv},
	Author = {Fukushima, Kenji},
	Date-Added = {2017-12-26 12:46:34 +0000},
	Date-Modified = {2017-12-26 12:46:34 +0000},
	Doi = {10.1016/j.physletb.2004.04.027},
	Eprint = {hep-ph/0310121},
	Journal = {Phys. Lett.},
	Pages = {277-284},
	Primaryclass = {hep-ph},
	Reportnumber = {MIT-CTP-3424},
	Slaccitation = {%%CITATION = HEP-PH/0310121;%%},
	Title = {{Chiral effective model with the Polyakov loop}},
	Volume = {B591},
	Year = {2004},
	Bdsk-Url-1 = {https://dx.doi.org/10.1016/j.physletb.2004.04.027}}

@article{Fukushima:2017csk,
	Archiveprefix = {arXiv},
	Author = {Fukushima, Kenji and Skokov, Vladimir},
	Date-Added = {2017-12-26 12:21:30 +0000},
	Date-Modified = {2017-12-26 12:21:30 +0000},
	Doi = {10.1016/j.ppnp.2017.05.002},
	Eprint = {1705.00718},
	Journal = {Prog. Part. Nucl. Phys.},
	Pages = {154-199},
	Primaryclass = {hep-ph},
	Slaccitation = {%%CITATION = ARXIV:1705.00718;%%},
	Title = {{Polyakov loop modeling for hot QCD}},
	Volume = {96},
	Year = {2017},
	Bdsk-Url-1 = {https://dx.doi.org/10.1016/j.ppnp.2017.05.002}}

@article{Fu:2017vvg,
	Archiveprefix = {arXiv},
	Author = {Fu, Wei-jie and Liu, Yu-xin},
	Date-Added = {2017-12-25 09:29:54 +0000},
	Date-Modified = {2017-12-25 09:29:54 +0000},
	Doi = {10.1103/PhysRevD.96.074019},
	Eprint = {1705.09841},
	Journal = {Phys. Rev.},
	Number = {7},
	Pages = {074019},
	Primaryclass = {hep-ph},
	Slaccitation = {%%CITATION = ARXIV:1705.09841;%%},
	Title = {{Four-fermion interactions and the chiral symmetry breaking in an external magnetic field}},
	Volume = {D96},
	Year = {2017},
	Bdsk-Url-1 = {http://dx.doi.org/10.1103/PhysRevD.96.074019}}

@article{Fu:2018a,
	Author = {Fu, Wei-jie and Pawlowski, Jan M. and Rennecke, Fabian},
	Date-Added = {2017-12-25 01:31:42 +0000},
	Date-Modified = {2017-12-25 01:36:48 +0000},
	Journal = {in preparation}}

@article{fQCD:2019a,
	Author = {Braun, Jens and Fu, Wei-jie and Leonhardt, Marc and Pawlowski, Jan M. and Pospiech, Martin and Rennecke, Fabian},
	Date-Added = {2019-01-05},
	Date-Modified = {2019-??-??},
	Journal = {in preparation}}

@article{Braun:2019a,
	Author = {Braun, Jens and Leonhardt, Marc and Pawlowski, Jan M. and Pospiech, Martin},
	Date-Added = {2019-01-05},
	Date-Modified = {2019-??-??},
	Journal = {in preparation}}

@article{Grossi:2019a,
	Author = {Grossi, Eduardo and Wink, Nicolas},
	Date-Added = {2019 +0000},
	Date-Modified = {2019 +0000},
	Journal = {in preparation}}

@article{Cucchieri:2007ta,
	Archiveprefix = {arXiv},
	Author = {Cucchieri, Attilio and Maas, Axel and Mendes, Tereza},
	Date-Added = {2017-10-31 03:22:44 +0000},
	Date-Modified = {2017-10-31 03:22:44 +0000},
	Doi = {10.1103/PhysRevD.75.076003},
	Eprint = {hep-lat/0702022},
	Journal = {Phys. Rev.},
	Pages = {076003},
	Primaryclass = {hep-lat},
	Slaccitation = {%%CITATION = HEP-LAT/0702022;%%},
	Title = {{Infrared properties of propagators in Landau-gauge pure Yang-Mills theory at finite temperature}},
	Volume = {D75},
	Year = {2007},
	Bdsk-Url-1 = {http://dx.doi.org/10.1103/PhysRevD.75.076003}}

@article{Braun:2007bx,
	Archiveprefix = {arXiv},
	Author = {Braun, Jens and Gies, Holger and Pawlowski, Jan M.},
	Doi = {10.1016/j.physletb.2010.01.009},
	Eprint = {0708.2413},
	Journal = {Phys.Lett.},
	Pages = {262-267},
	Primaryclass = {hep-th},
	Title = {{Quark Confinement from Color Confinement}},
	Volume = {B684},
	Year = {2010},
	Bdsk-Url-1 = {https://doi.org/10.1016/j.physletb.2010.01.009}}

@article{Braun:2010cy,
	Archiveprefix = {arXiv},
	Author = {Braun, Jens and Eichhorn, Astrid and Gies, Holger and Pawlowski, Jan M.},
	Doi = {10.1140/epjc/s10052-010-1485-1},
	Eprint = {1007.2619},
	Journal = {Eur.Phys.J.},
	Pages = {689-702},
	Primaryclass = {hep-ph},
	Slaccitation = {%%CITATION = ARXIV:1007.2619;%%},
	Title = {{On the Nature of the Phase Transition in SU(N), Sp(2) and E(7) Yang-Mills theory}},
	Volume = {C70},
	Year = {2010},
	Bdsk-Url-1 = {https://doi.org/10.1140/epjc/s10052-010-1485-1}}

@article{Aguilar:2019jsj,
	Archiveprefix = {arXiv},
	Author = {Aguilar, A. C. and Ferreira, M. N. and Figueiredo, C. T. and Papavassiliou, J.},
	Eprint = {1903.01184},
	Primaryclass = {hep-ph},
	Slaccitation = {%%CITATION = ARXIV:1903.01184;%%},
	Title = {{Nonperturbative Ball-Chiu construction of the three-gluon vertex}},
	Year = {2019}}

@article{Eichhorn:2018ydy,
	Archiveprefix = {arXiv},
	Author = {Eichhorn, Astrid and Lippoldt, Stefan and Pawlowski, Jan M. and Reichert, Manuel and Schiffer, Marc},
	Eprint = {1810.02828},
	Primaryclass = {hep-th},
	Slaccitation = {%%CITATION = ARXIV:1810.02828;%%},
	Title = {{How perturbative is quantum gravity?}},
	Year = {2018}}

@article{Eichhorn:2018akn,
	Archiveprefix = {arXiv},
	Author = {Eichhorn, Astrid and Labus, Peter and Pawlowski, Jan M. and Reichert, Manuel},
	Doi = {10.21468/SciPostPhys.5.4.031},
	Eprint = {1804.00012},
	Journal = {SciPost Phys.},
	Number = {4},
	Pages = {031},
	Primaryclass = {hep-th},
	Slaccitation = {%%CITATION = ARXIV:1804.00012;%%},
	Title = {{Effective universality in quantum gravity}},
	Volume = {5},
	Year = {2018},
	Bdsk-Url-1 = {https://doi.org/10.21468/SciPostPhys.5.4.031}}

@article{Fister:2015eca,
	Archiveprefix = {arXiv},
	Author = {Fister, Leonard and Pawlowski, Jan Martin},
	Doi = {10.1103/PhysRevD.92.076009},
	Eprint = {1504.05166},
	Journal = {Phys. Rev.},
	Number = {7},
	Pages = {076009},
	Primaryclass = {hep-ph},
	Slaccitation = {%%CITATION = ARXIV:1504.05166;%%},
	Title = {{Functional renormalization group in a finite volume}},
	Volume = {D92},
	Year = {2015},
	Bdsk-Url-1 = {https://doi.org/10.1103/PhysRevD.92.076009}}

@article{Fister:2013bh,
	Archiveprefix = {arXiv},
	Author = {Fister, Leonard and Pawlowski, Jan M.},
	Doi = {10.1103/PhysRevD.88.045010},
	Eprint = {1301.4163},
	Journal = {Phys.Rev.},
	Pages = {045010},
	Primaryclass = {hep-ph},
	Slaccitation = {%%CITATION = ARXIV:1301.4163;%%},
	Title = {{Confinement from Correlation Functions}},
	Volume = {D88},
	Year = {2013},
	Bdsk-Url-1 = {https://doi.org/10.1103/PhysRevD.88.045010}}

@article{Cucchieri:2006tf,
	Archiveprefix = {arXiv},
	Author = {Cucchieri, Attilio and Maas, Axel and Mendes, Tereza},
	Date-Added = {2017-10-31 03:19:25 +0000},
	Date-Modified = {2017-10-31 03:19:25 +0000},
	Doi = {10.1103/PhysRevD.74.014503},
	Eprint = {hep-lat/0605011},
	Journal = {Phys. Rev.},
	Pages = {014503},
	Primaryclass = {hep-lat},
	Slaccitation = {%%CITATION = HEP-LAT/0605011;%%},
	Title = {{Exploratory study of three-point Green's functions in Landau-gauge Yang-Mills theory}},
	Volume = {D74},
	Year = {2006},
	Bdsk-Url-1 = {http://dx.doi.org/10.1103/PhysRevD.74.014503}}

@article{Fister:2011uw,
	Archiveprefix = {arXiv},
	Author = {Fister, Leonard and Pawlowski, Jan M.},
	Date-Added = {2017-10-31 03:00:33 +0000},
	Date-Modified = {2017-10-31 03:00:33 +0000},
	Eprint = {1112.5440},
	Primaryclass = {hep-ph},
	Slaccitation = {%%CITATION = ARXIV:1112.5440;%%},
	Title = {{Yang-Mills correlation functions at finite temperature}},
	Year = {2011}}

@article{Gies:2005as,
	Archiveprefix = {arXiv},
	Author = {Gies, Holger and Jaeckel, Joerg},
	Date-Added = {2017-09-23 07:37:08 +0000},
	Date-Modified = {2017-09-23 07:37:08 +0000},
	Doi = {10.1140/epjc/s2006-02475-0},
	Eprint = {hep-ph/0507171},
	Journal = {Eur. Phys. J.},
	Pages = {433-438},
	Primaryclass = {hep-ph},
	Reportnumber = {DESY-05-126, HD-THEP-05-16},
	Slaccitation = {%%CITATION = HEP-PH/0507171;%%},
	Title = {{Chiral phase structure of QCD with many flavors}},
	Volume = {C46},
	Year = {2006},
	Bdsk-Url-1 = {http://dx.doi.org/10.1140/epjc/s2006-02475-0}}

@article{Andersen:2014xxa,
	Archiveprefix = {arXiv},
	Author = {Andersen, Jens O. and Naylor, William R. and Tranberg, Anders},
	Date-Added = {2017-09-19 09:13:52 +0000},
	Date-Modified = {2017-09-19 09:13:52 +0000},
	Doi = {10.1103/RevModPhys.88.025001},
	Eprint = {1411.7176},
	Journal = {Rev. Mod. Phys.},
	Pages = {025001},
	Primaryclass = {hep-ph},
	Slaccitation = {%%CITATION = ARXIV:1411.7176;%%},
	Title = {{Phase diagram of QCD in a magnetic field: A review}},
	Volume = {88},
	Year = {2016},
	Bdsk-Url-1 = {http://dx.doi.org/10.1103/RevModPhys.88.025001}}

@article{Scherer:2012nn,
	Archiveprefix = {arXiv},
	Author = {Scherer, Daniel D. and Gies, Holger},
	Date-Added = {2017-09-19 08:36:20 +0000},
	Date-Modified = {2017-09-19 08:36:20 +0000},
	Doi = {10.1103/PhysRevB.85.195417},
	Eprint = {1201.3746},
	Journal = {Phys. Rev.},
	Pages = {195417},
	Primaryclass = {cond-mat.str-el},
	Slaccitation = {%%CITATION = ARXIV:1201.3746;%%},
	Title = {{Renormalization Group Study of Magnetic Catalysis in the 3d Gross-Neveu Model}},
	Volume = {B85},
	Year = {2012},
	Bdsk-Url-1 = {http://dx.doi.org/10.1103/PhysRevB.85.195417}}

@article{Mao:2016fha,
	Archiveprefix = {arXiv},
	Author = {Mao, Shijun},
	Date-Added = {2017-05-27 09:42:19 +0000},
	Date-Modified = {2017-05-27 09:42:19 +0000},
	Doi = {10.1016/j.physletb.2016.05.018},
	Eprint = {1602.06503},
	Journal = {Phys. Lett.},
	Pages = {195-199},
	Primaryclass = {hep-ph},
	Slaccitation = {%%CITATION = ARXIV:1602.06503;%%},
	Title = {{Inverse magnetic catalysis in Nambu--Jona-Lasinio model beyond mean field}},
	Volume = {B758},
	Year = {2016},
	Bdsk-Url-1 = {http://dx.doi.org/10.1016/j.physletb.2016.05.018}}

@article{Wang:2015bky,
	Archiveprefix = {arXiv},
	Author = {Wang, Ziyue and Zhuang, Pengfei},
	Date-Added = {2017-05-27 09:27:47 +0000},
	Date-Modified = {2017-05-27 09:27:47 +0000},
	Doi = {10.1103/PhysRevD.94.056012},
	Eprint = {1511.05279},
	Journal = {Phys. Rev.},
	Number = {5},
	Pages = {056012},
	Primaryclass = {hep-ph},
	Slaccitation = {%%CITATION = ARXIV:1511.05279;%%},
	Title = {{Critical Behavior and Dimension Crossover of Pion Superfluidity}},
	Volume = {D94},
	Year = {2016},
	Bdsk-Url-1 = {http://dx.doi.org/10.1103/PhysRevD.94.056012}}

@article{Wang:2017vis,
	Archiveprefix = {arXiv},
	Author = {Wang, Ziyue and Zhuang, Pengfei},
	Date-Added = {2017-05-27 09:27:46 +0000},
	Date-Modified = {2017-05-27 09:27:46 +0000},
	Eprint = {1703.01035},
	Primaryclass = {hep-ph},
	Slaccitation = {%%CITATION = ARXIV:1703.01035;%%},
	Title = {{Meson Spectral Functions at Finite Temperature and Isospin Density with Functional Renormalization Group}},
	Year = {2017}}

@article{Feng:2014bpa,
	Archiveprefix = {arXiv},
	Author = {Feng, Bo and Hou, De-fu and Ren, Hai-cang},
	Date-Added = {2017-05-27 08:48:30 +0000},
	Date-Modified = {2017-05-27 08:48:30 +0000},
	Doi = {10.1103/PhysRevD.92.065011},
	Eprint = {1412.1647},
	Journal = {Phys. Rev.},
	Number = {6},
	Pages = {065011},
	Primaryclass = {cond-mat.quant-gas},
	Slaccitation = {%%CITATION = ARXIV:1412.1647;%%},
	Title = {{Magnetic and inverse magnetic catalysis in the Bose-Einstein condensation of neutral bound pairs}},
	Volume = {D92},
	Year = {2015},
	Bdsk-Url-1 = {http://dx.doi.org/10.1103/PhysRevD.92.065011}}

@article{Pawlowski:2005xe,
	Archiveprefix = {arXiv},
	Author = {Pawlowski, Jan M.},
	Date-Added = {2017-03-27 08:08:18 +0000},
	Date-Modified = {2017-03-27 08:08:18 +0000},
	Doi = {10.1016/j.aop.2007.01.007},
	Eprint = {hep-th/0512261},
	Journal = {Annals Phys.},
	Pages = {2831-2915},
	Primaryclass = {hep-th},
	Reportnumber = {HD-THEP-05-28},
	Slaccitation = {%%CITATION = HEP-TH/0512261;%%},
	Title = {{Aspects of the functional renormalisation group}},
	Volume = {322},
	Year = {2007},
	Bdsk-Url-1 = {http://dx.doi.org/10.1016/j.aop.2007.01.007}}

@article{Gies:2002hq,
	Archiveprefix = {arXiv},
	Author = {Gies, Holger and Wetterich, Christof},
	Date-Added = {2017-03-27 08:04:32 +0000},
	Date-Modified = {2017-03-27 08:04:32 +0000},
	Doi = {10.1103/PhysRevD.69.025001},
	Eprint = {hep-th/0209183},
	Journal = {Phys. Rev.},
	Pages = {025001},
	Primaryclass = {hep-th},
	Reportnumber = {CERN-TH-2002-242, HD-THEP-02-33},
	Slaccitation = {%%CITATION = HEP-TH/0209183;%%},
	Title = {{Universality of spontaneous chiral symmetry breaking in gauge theories}},
	Volume = {D69},
	Year = {2004},
	Bdsk-Url-1 = {http://dx.doi.org/10.1103/PhysRevD.69.025001}}

@article{Zhang:2016qrl,
	Archiveprefix = {arXiv},
	Author = {Zhang, Rui and Fu, Wei-jie and Liu, Yu-xin},
	Date-Added = {2017-03-27 05:37:46 +0000},
	Date-Modified = {2017-03-27 05:37:46 +0000},
	Doi = {10.1140/epjc/s10052-016-4123-8},
	Eprint = {1604.08888},
	Journal = {Eur. Phys. J.},
	Number = {6},
	Pages = {307},
	Primaryclass = {hep-ph},
	Slaccitation = {%%CITATION = ARXIV:1604.08888;%%},
	Title = {{Properties of Mesons in a Strong Magnetic Field}},
	Volume = {C76},
	Year = {2016},
	Bdsk-Url-1 = {http://dx.doi.org/10.1140/epjc/s10052-016-4123-8}}

@article{Fu:2013ica,
	Archiveprefix = {arXiv},
	Author = {Fu, Wei-jie},
	Date-Added = {2017-03-27 05:35:34 +0000},
	Date-Modified = {2017-03-27 05:35:34 +0000},
	Doi = {10.1103/PhysRevD.88.014009},
	Eprint = {1306.5804},
	Journal = {Phys. Rev.},
	Number = {1},
	Pages = {014009},
	Primaryclass = {hep-ph},
	Slaccitation = {%%CITATION = ARXIV:1306.5804;%%},
	Title = {{Fluctuations and correlations of hot QCD matter in an external magnetic field}},
	Volume = {D88},
	Year = {2013},
	Bdsk-Url-1 = {http://dx.doi.org/10.1103/PhysRevD.88.014009}}

@article{Fu:2016tey,
	Archiveprefix = {arXiv},
	Author = {Fu, Wei-jie and Pawlowski, Jan M. and Rennecke, Fabian and Schaefer, Bernd-Jochen},
	Date-Added = {2017-03-27 05:20:38 +0000},
	Date-Modified = {2017-03-27 05:20:38 +0000},
	Doi = {10.1103/PhysRevD.94.116020},
	Eprint = {1608.04302},
	Journal = {Phys. Rev.},
	Number = {11},
	Pages = {116020},
	Primaryclass = {hep-ph},
	Slaccitation = {%%CITATION = ARXIV:1608.04302;%%},
	Title = {{Baryon number fluctuations at finite temperature and density}},
	Volume = {D94},
	Year = {2016},
	Bdsk-Url-1 = {http://dx.doi.org/10.1103/PhysRevD.94.116020}}

@article{Fu:2015amv,
	Archiveprefix = {arXiv},
	Author = {Fu, Wei-jie and Pawlowski, Jan M.},
	Date-Added = {2017-03-27 02:55:28 +0000},
	Date-Modified = {2017-03-27 02:55:28 +0000},
	Doi = {10.1103/PhysRevD.93.091501},
	Eprint = {1512.08461},
	Journal = {Phys. Rev.},
	Number = {9},
	Pages = {091501},
	Primaryclass = {hep-ph},
	Slaccitation = {%%CITATION = ARXIV:1512.08461;%%},
	Title = {{Correlating the skewness and kurtosis of baryon number distributions}},
	Volume = {D93},
	Year = {2016},
	Bdsk-Url-1 = {http://dx.doi.org/10.1103/PhysRevD.93.091501}}

@article{Fu:2015naa,
	Archiveprefix = {arXiv},
	Author = {Fu, Wei-jie and Pawlowski, Jan M.},
	Date-Added = {2017-03-27 02:53:27 +0000},
	Date-Modified = {2017-03-27 02:53:27 +0000},
	Doi = {10.1103/PhysRevD.92.116006},
	Eprint = {1508.06504},
	Journal = {Phys. Rev.},
	Number = {11},
	Pages = {116006},
	Primaryclass = {hep-ph},
	Slaccitation = {%%CITATION = ARXIV:1508.06504;%%},
	Title = {{Relevance of matter and glue dynamics for baryon number fluctuations}},
	Volume = {D92},
	Year = {2015},
	Bdsk-Url-1 = {http://dx.doi.org/10.1103/PhysRevD.92.116006}}

@article{Cyrol:2016tym,
	Archiveprefix = {arXiv},
	Author = {Cyrol, Anton K. and Fister, Leonard and Mitter, Mario and Pawlowski, Jan M. and Strodthoff, Nils},
	Date-Added = {2017-03-27 02:48:14 +0000},
	Date-Modified = {2017-03-27 02:48:14 +0000},
	Doi = {10.1103/PhysRevD.94.054005},
	Eprint = {1605.01856},
	Journal = {Phys. Rev.},
	Number = {5},
	Pages = {054005},
	Primaryclass = {hep-ph},
	Slaccitation = {%%CITATION = ARXIV:1605.01856;%%},
	Title = {{Landau gauge Yang-Mills correlation functions}},
	Volume = {D94},
	Year = {2016},
	Bdsk-Url-1 = {http://dx.doi.org/10.1103/PhysRevD.94.054005}}

@article{Rennecke:2015eba,
	Archiveprefix = {arXiv},
	Author = {Rennecke, Fabian},
	Date-Added = {2017-03-27 02:27:22 +0000},
	Date-Modified = {2017-03-27 02:27:22 +0000},
	Doi = {10.1103/PhysRevD.92.076012},
	Eprint = {1504.03585},
	Journal = {Phys. Rev.},
	Number = {7},
	Pages = {076012},
	Primaryclass = {hep-ph},
	Slaccitation = {%%CITATION = ARXIV:1504.03585;%%},
	Title = {{Vacuum structure of vector mesons in QCD}},
	Volume = {D92},
	Year = {2015},
	Bdsk-Url-1 = {http://dx.doi.org/10.1103/PhysRevD.92.076012}}

@article{Mitter:2014wpa,
	Archiveprefix = {arXiv},
	Author = {Mitter, Mario and Pawlowski, Jan M. and Strodthoff, Nils},
	Date-Added = {2017-03-27 02:20:18 +0000},
	Date-Modified = {2017-03-27 02:20:18 +0000},
	Doi = {10.1103/PhysRevD.91.054035},
	Eprint = {1411.7978},
	Journal = {Phys. Rev.},
	Pages = {054035},
	Primaryclass = {hep-ph},
	Slaccitation = {%%CITATION = ARXIV:1411.7978;%%},
	Title = {{Chiral symmetry breaking in continuum QCD}},
	Volume = {D91},
	Year = {2015},
	Bdsk-Url-1 = {http://dx.doi.org/10.1103/PhysRevD.91.054035}}

@article{Braun:2014ata,
	Archiveprefix = {arXiv},
	Author = {Braun, Jens and Fister, Leonard and Pawlowski, Jan M. and Rennecke, Fabian},
	Date-Added = {2017-03-27 02:18:55 +0000},
	Date-Modified = {2017-03-27 02:18:55 +0000},
	Doi = {10.1103/PhysRevD.94.034016},
	Eprint = {1412.1045},
	Journal = {Phys. Rev.},
	Number = {3},
	Pages = {034016},
	Primaryclass = {hep-ph},
	Slaccitation = {%%CITATION = ARXIV:1412.1045;%%},
	Title = {{From Quarks and Gluons to Hadrons: Chiral Symmetry Breaking in Dynamical QCD}},
	Volume = {D94},
	Year = {2016},
	Bdsk-Url-1 = {http://dx.doi.org/10.1103/PhysRevD.94.034016}}

@article{Helmboldt:2014iya,
	Archiveprefix = {arXiv},
	Author = {Helmboldt, Alexander J. and Pawlowski, Jan M. and Strodthoff, Nils},
	Date-Added = {2017-03-27 02:16:34 +0000},
	Date-Modified = {2017-03-27 02:16:34 +0000},
	Doi = {10.1103/PhysRevD.91.054010},
	Eprint = {1409.8414},
	Journal = {Phys. Rev.},
	Number = {5},
	Pages = {054010},
	Primaryclass = {hep-ph},
	Slaccitation = {%%CITATION = ARXIV:1409.8414;%%},
	Title = {{Towards quantitative precision in the chiral crossover: masses and fluctuation scales}},
	Volume = {D91},
	Year = {2015},
	Bdsk-Url-1 = {http://dx.doi.org/10.1103/PhysRevD.91.054010}}

@article{Pawlowski:2014zaa,
	Archiveprefix = {arXiv},
	Author = {Pawlowski, Jan M. and Rennecke, Fabian},
	Date-Added = {2017-03-27 02:15:33 +0000},
	Date-Modified = {2017-03-27 02:15:33 +0000},
	Doi = {10.1103/PhysRevD.90.076002},
	Eprint = {1403.1179},
	Journal = {Phys. Rev.},
	Number = {7},
	Pages = {076002},
	Primaryclass = {hep-ph},
	Slaccitation = {%%CITATION = ARXIV:1403.1179;%%},
	Title = {{Higher order quark-mesonic scattering processes and the phase structure of QCD}},
	Volume = {D90},
	Year = {2014},
	Bdsk-Url-1 = {http://dx.doi.org/10.1103/PhysRevD.90.076002}}

@article{Pawlowski:2014aha,
	Author = {Pawlowski, Jan M.},
	Booktitle = {{Proceedings, 24th International Conference on Ultra-Relativistic Nucleus-Nucleus Collisions (Quark Matter 2014): Darmstadt, Germany, May 19-24, 2014}},
	Date-Added = {2017-03-27 02:06:52 +0000},
	Date-Modified = {2017-03-27 02:06:52 +0000},
	Doi = {10.1016/j.nuclphysa.2014.09.074},
	Journal = {Nucl. Phys.},
	Pages = {113-124},
	Slaccitation = {%%CITATION = NUPHA,A931,113;%%},
	Title = {{Equation of state and phase diagram of strongly interacting matter}},
	Volume = {A931},
	Year = {2014},
	Bdsk-Url-1 = {http://dx.doi.org/10.1016/j.nuclphysa.2014.09.074}}

@article{Yu:2014xoa,
	Archiveprefix = {arXiv},
	Author = {Yu, Lang and Van Doorsselaere, Jos and Huang, Mei},
	Date-Added = {2017-03-26 15:57:33 +0000},
	Date-Modified = {2017-03-26 15:57:33 +0000},
	Doi = {10.1103/PhysRevD.91.074011},
	Eprint = {1411.7552},
	Journal = {Phys. Rev.},
	Number = {7},
	Pages = {074011},
	Primaryclass = {hep-ph},
	Slaccitation = {%%CITATION = ARXIV:1411.7552;%%},
	Title = {{Inverse Magnetic Catalysis in the three-flavor NJL model with axial-vector interaction}},
	Volume = {D91},
	Year = {2015},
	Bdsk-Url-1 = {http://dx.doi.org/10.1103/PhysRevD.91.074011}}

@article{Fukushima:2010fe,
	Archiveprefix = {arXiv},
	Author = {Fukushima, Kenji and Ruggieri, Marco and Gatto, Raoul},
	Date-Added = {2017-03-26 15:50:04 +0000},
	Date-Modified = {2017-03-26 15:50:04 +0000},
	Doi = {10.1103/PhysRevD.81.114031},
	Eprint = {1003.0047},
	Journal = {Phys. Rev.},
	Pages = {114031},
	Primaryclass = {hep-ph},
	Reportnumber = {YITP-10-3},
	Slaccitation = {%%CITATION = ARXIV:1003.0047;%%},
	Title = {{Chiral magnetic effect in the PNJL model}},
	Volume = {D81},
	Year = {2010},
	Bdsk-Url-1 = {http://dx.doi.org/10.1103/PhysRevD.81.114031}}

@article{Ferrer:2014qka,
	Archiveprefix = {arXiv},
	Author = {Ferrer, E. J. and de la Incera, V. and Wen, X. J.},
	Date-Added = {2017-03-26 15:44:24 +0000},
	Date-Modified = {2017-03-26 15:44:24 +0000},
	Doi = {10.1103/PhysRevD.91.054006},
	Eprint = {1407.3503},
	Journal = {Phys. Rev.},
	Number = {5},
	Pages = {054006},
	Primaryclass = {nucl-th},
	Slaccitation = {%%CITATION = ARXIV:1407.3503;%%},
	Title = {{Quark Antiscreening at Strong Magnetic Field and Inverse Magnetic Catalysis}},
	Volume = {D91},
	Year = {2015},
	Bdsk-Url-1 = {http://dx.doi.org/10.1103/PhysRevD.91.054006}}

@article{Mueller:2014tea,
	Archiveprefix = {arXiv},
	Author = {Mueller, Niklas and Bonnet, Jacqueline A. and Fischer, Christian S.},
	Date-Added = {2017-03-26 15:39:19 +0000},
	Date-Modified = {2017-03-26 15:39:19 +0000},
	Doi = {10.1103/PhysRevD.89.094023},
	Eprint = {1401.1647},
	Journal = {Phys. Rev.},
	Number = {9},
	Pages = {094023},
	Primaryclass = {hep-ph},
	Slaccitation = {%%CITATION = ARXIV:1401.1647;%%},
	Title = {{Dynamical quark mass generation in a strong external magnetic field}},
	Volume = {D89},
	Year = {2014},
	Bdsk-Url-1 = {http://dx.doi.org/10.1103/PhysRevD.89.094023}}

@article{Fraga:2013ova,
	Archiveprefix = {arXiv},
	Author = {Fraga, E. S. and Mintz, B. W. and Schaffner-Bielich, J.},
	Date-Added = {2017-03-26 15:31:58 +0000},
	Date-Modified = {2017-03-26 15:31:58 +0000},
	Doi = {10.1016/j.physletb.2014.02.028},
	Eprint = {1311.3964},
	Journal = {Phys. Lett.},
	Pages = {154-158},
	Primaryclass = {hep-ph},
	Slaccitation = {%%CITATION = ARXIV:1311.3964;%%},
	Title = {{A search for inverse magnetic catalysis in thermal quark-meson models}},
	Volume = {B731},
	Year = {2014},
	Bdsk-Url-1 = {http://dx.doi.org/10.1016/j.physletb.2014.02.028}}

@article{Kojo:2012js,
	Archiveprefix = {arXiv},
	Author = {Kojo, Toru and Su, Nan},
	Date-Added = {2017-03-26 15:11:55 +0000},
	Date-Modified = {2017-03-26 15:11:55 +0000},
	Doi = {10.1016/j.physletb.2013.02.024},
	Eprint = {1211.7318},
	Journal = {Phys. Lett.},
	Pages = {192-197},
	Primaryclass = {hep-ph},
	Reportnumber = {BI-TP-2012-50},
	Slaccitation = {%%CITATION = ARXIV:1211.7318;%%},
	Title = {{The quark mass gap in a magnetic field}},
	Volume = {B720},
	Year = {2013},
	Bdsk-Url-1 = {http://dx.doi.org/10.1016/j.physletb.2013.02.024}}

@article{Fukushima:2012kc,
	Archiveprefix = {arXiv},
	Author = {Fukushima, Kenji and Hidaka, Yoshimasa},
	Date-Added = {2017-03-26 14:46:40 +0000},
	Date-Modified = {2017-03-26 14:46:40 +0000},
	Doi = {10.1103/PhysRevLett.110.031601},
	Eprint = {1209.1319},
	Journal = {Phys. Rev. Lett.},
	Number = {3},
	Pages = {031601},
	Primaryclass = {hep-ph},
	Slaccitation = {%%CITATION = ARXIV:1209.1319;%%},
	Title = {{Magnetic Catalysis Versus Magnetic Inhibition}},
	Volume = {110},
	Year = {2013},
	Bdsk-Url-1 = {http://dx.doi.org/10.1103/PhysRevLett.110.031601}}

@article{Braun:2014fua,
	Archiveprefix = {arXiv},
	Author = {Braun, Jens and Mian, Walid Ahmed and Rechenberger, Stefan},
	Date-Added = {2017-03-26 14:09:05 +0000},
	Date-Modified = {2017-03-26 14:09:05 +0000},
	Doi = {10.1016/j.physletb.2016.02.017},
	Eprint = {1412.6025},
	Journal = {Phys. Lett.},
	Pages = {265-269},
	Primaryclass = {hep-ph},
	Slaccitation = {%%CITATION = ARXIV:1412.6025;%%},
	Title = {{Delayed Magnetic Catalysis}},
	Volume = {B755},
	Year = {2016},
	Bdsk-Url-1 = {http://dx.doi.org/10.1016/j.physletb.2016.02.017}}

@article{Mueller:2015fka,
	Archiveprefix = {arXiv},
	Author = {Mueller, Niklas and Pawlowski, Jan M.},
	Date-Added = {2017-03-26 06:52:44 +0000},
	Date-Modified = {2017-03-26 06:52:44 +0000},
	Doi = {10.1103/PhysRevD.91.116010},
	Eprint = {1502.08011},
	Journal = {Phys. Rev.},
	Number = {11},
	Pages = {116010},
	Primaryclass = {hep-ph},
	Slaccitation = {%%CITATION = ARXIV:1502.08011;%%},
	Title = {{Magnetic catalysis and inverse magnetic catalysis in QCD}},
	Volume = {D91},
	Year = {2015},
	Bdsk-Url-1 = {http://dx.doi.org/10.1103/PhysRevD.91.116010}}

@article{Bruckmann:2013oba,
	Archiveprefix = {arXiv},
	Author = {Bruckmann, Falk and Endrodi, Gergely and Kovacs, Tamas G.},
	Date-Added = {2017-03-25 15:20:11 +0000},
	Date-Modified = {2017-03-25 15:20:11 +0000},
	Doi = {10.1007/JHEP04(2013)112},
	Eprint = {1303.3972},
	Journal = {JHEP},
	Pages = {112},
	Primaryclass = {hep-lat},
	Slaccitation = {%%CITATION = ARXIV:1303.3972;%%},
	Title = {{Inverse magnetic catalysis and the Polyakov loop}},
	Volume = {04},
	Year = {2013},
	Bdsk-Url-1 = {http://dx.doi.org/10.1007/JHEP04(2013)112}}

@article{Bali:2012zg,
	Archiveprefix = {arXiv},
	Author = {Bali, G. S. and Bruckmann, F. and Endrodi, G. and Fodor, Z. and Katz, S. D. and Schafer, A.},
	Date-Added = {2017-03-25 08:20:53 +0000},
	Date-Modified = {2017-03-25 08:20:53 +0000},
	Doi = {10.1103/PhysRevD.86.071502},
	Eprint = {1206.4205},
	Journal = {Phys. Rev.},
	Pages = {071502},
	Primaryclass = {hep-lat},
	Slaccitation = {%%CITATION = ARXIV:1206.4205;%%},
	Title = {{QCD quark condensate in external magnetic fields}},
	Volume = {D86},
	Year = {2012},
	Bdsk-Url-1 = {http://dx.doi.org/10.1103/PhysRevD.86.071502}}

@article{Bali:2011qj,
	Archiveprefix = {arXiv},
	Author = {Bali, G. S. and Bruckmann, F. and Endrodi, G. and Fodor, Z. and Katz, S. D. and Krieg, S. and Schafer, A. and Szabo, K. K.},
	Date-Added = {2017-03-25 08:17:48 +0000},
	Date-Modified = {2017-03-25 08:17:48 +0000},
	Doi = {10.1007/JHEP02(2012)044},
	Eprint = {1111.4956},
	Journal = {JHEP},
	Pages = {044},
	Primaryclass = {hep-lat},
	Slaccitation = {%%CITATION = ARXIV:1111.4956;%%},
	Title = {{The QCD phase diagram for external magnetic fields}},
	Volume = {02},
	Year = {2012},
	Bdsk-Url-1 = {http://dx.doi.org/10.1007/JHEP02(2012)044}}

@article{Khachatryan:2016got,
	Archiveprefix = {arXiv},
	Author = {Khachatryan, Vardan and others},
	Collaboration = {CMS},
	Date-Added = {2017-03-25 05:26:22 +0000},
	Date-Modified = {2017-03-25 07:04:30 +0000},
	Eprint = {1610.00263},
	Journal = {Phys. Rev. Lett.},
	Pages = {122301},
	Primaryclass = {nucl-ex},
	Reportnumber = {CMS-HIN-16-009, CERN-EP-2016-236},
	Slaccitation = {%%CITATION = ARXIV:1610.00263;%%},
	Title = {{Observation of charge-dependent azimuthal correlations in pPb collisions and its implication for the search for the chiral magnetic effect}},
	Volume = {118},
	Year = {2017}}

@article{Khan:2015puu,
	Archiveprefix = {arXiv},
	Author = {Khan, Naseemuddin and Pawlowski, Jan M. and Rennecke, Fabian and Scherer, Michael M.},
	Eprint = {1512.03673},
	Primaryclass = {hep-ph},
	Slaccitation = {%%CITATION = ARXIV:1512.03673;%%},
	Title = {{The Phase Diagram of QC2D from Functional Methods}},
	Year = {2015}}

@article{Huang:2015oca,
	Archiveprefix = {arXiv},
	Author = {Huang, Xu-Guang},
	Date-Added = {2017-03-24 15:30:24 +0000},
	Date-Modified = {2017-03-24 15:30:24 +0000},
	Doi = {10.1088/0034-4885/79/7/076302},
	Eprint = {1509.04073},
	Journal = {Rept. Prog. Phys.},
	Number = {7},
	Pages = {076302},
	Primaryclass = {nucl-th},
	Slaccitation = {%%CITATION = ARXIV:1509.04073;%%},
	Title = {{Electromagnetic fields and anomalous transports in heavy-ion collisions --- A pedagogical review}},
	Volume = {79},
	Year = {2016},
	Bdsk-Url-1 = {http://dx.doi.org/10.1088/0034-4885/79/7/076302}}

@article{Fukushima:2008xe,
	Archiveprefix = {arXiv},
	Author = {Fukushima, Kenji and Kharzeev, Dmitri E. and Warringa, Harmen J.},
	Date-Added = {2017-03-24 15:03:19 +0000},
	Date-Modified = {2017-03-24 15:03:19 +0000},
	Doi = {10.1103/PhysRevD.78.074033},
	Eprint = {0808.3382},
	Journal = {Phys. Rev.},
	Pages = {074033},
	Primaryclass = {hep-ph},
	Slaccitation = {%%CITATION = ARXIV:0808.3382;%%},
	Title = {{The Chiral Magnetic Effect}},
	Volume = {D78},
	Year = {2008},
	Bdsk-Url-1 = {http://dx.doi.org/10.1103/PhysRevD.78.074033}}

@article{Kharzeev:2007jp,
	Archiveprefix = {arXiv},
	Author = {Kharzeev, Dmitri E. and McLerran, Larry D. and Warringa, Harmen J.},
	Date-Added = {2017-03-24 02:45:26 +0000},
	Date-Modified = {2017-03-24 02:45:26 +0000},
	Doi = {10.1016/j.nuclphysa.2008.02.298},
	Eprint = {0711.0950},
	Journal = {Nucl. Phys.},
	Pages = {227-253},
	Primaryclass = {hep-ph},
	Slaccitation = {%%CITATION = ARXIV:0711.0950;%%},
	Title = {{The Effects of topological charge change in heavy ion collisions: 'Event by event P and CP violation'}},
	Volume = {A803},
	Year = {2008},
	Bdsk-Url-1 = {http://dx.doi.org/10.1016/j.nuclphysa.2008.02.298}}

@article{Kharzeev:2004ey,
	Archiveprefix = {arXiv},
	Author = {Kharzeev, Dmitri},
	Date-Added = {2017-03-24 02:33:06 +0000},
	Date-Modified = {2017-03-24 02:33:06 +0000},
	Doi = {10.1016/j.physletb.2005.11.075},
	Eprint = {hep-ph/0406125},
	Journal = {Phys. Lett.},
	Pages = {260-264},
	Primaryclass = {hep-ph},
	Reportnumber = {BNL-NT-04-21},
	Slaccitation = {%%CITATION = HEP-PH/0406125;%%},
	Title = {{Parity violation in hot QCD: Why it can happen, and how to look for it}},
	Volume = {B633},
	Year = {2006},
	Bdsk-Url-1 = {http://dx.doi.org/10.1016/j.physletb.2005.11.075}}

@article{Wetterich:1992yh,
	Author = {Wetterich, Christof},
	Date-Added = {2017-03-24 00:47:30 +0000},
	Date-Modified = {2017-03-24 00:47:30 +0000},
	Doi = {10.1016/0370-2693(93)90726-X},
	Journal = {Phys. Lett.},
	Pages = {90-94},
	Reportnumber = {HD-THEP-92-61},
	Slaccitation = {%%CITATION = PHLTA,B301,90;%%},
	Title = {{Exact evolution equation for the effective potential}},
	Volume = {B301},
	Year = {1993},
	Bdsk-Url-1 = {http://dx.doi.org/10.1016/0370-2693(93)90726-X}}

@article{Gies:2001nw,
	Archiveprefix = {arXiv},
	Author = {Gies, Holger and Wetterich, Christof},
	Date-Added = {2017-03-24 00:46:31 +0000},
	Date-Modified = {2017-03-24 00:46:31 +0000},
	Doi = {10.1103/PhysRevD.65.065001},
	Eprint = {hep-th/0107221},
	Journal = {Phys. Rev.},
	Pages = {065001},
	Primaryclass = {hep-th},
	Reportnumber = {CERN-TH-2001-196, HD-THEP-01-31},
	Slaccitation = {%%CITATION = HEP-TH/0107221;%%},
	Title = {{Renormalization flow of bound states}},
	Volume = {D65},
	Year = {2002},
	Bdsk-Url-1 = {http://dx.doi.org/10.1103/PhysRevD.65.065001}}

@article{Braun:2011pp,
	Archiveprefix = {arXiv},
	Author = {Braun, Jens},
	Date-Added = {2017-03-24 00:43:26 +0000},
	Date-Modified = {2017-03-24 00:43:26 +0000},
	Doi = {10.1088/0954-3899/39/3/033001},
	Eprint = {1108.4449},
	Journal = {J. Phys.},
	Pages = {033001},
	Primaryclass = {hep-ph},
	Slaccitation = {%%CITATION = ARXIV:1108.4449;%%},
	Title = {{Fermion Interactions and Universal Behavior in Strongly Interacting Theories}},
	Volume = {G39},
	Year = {2012},
	Bdsk-Url-1 = {http://dx.doi.org/10.1088/0954-3899/39/3/033001}}

@article{Adamczyk:2014mzf,
	Archiveprefix = {arXiv},
	Author = {Adamczyk, L. and others},
	Collaboration = {STAR},
	Date-Added = {2017-03-24 00:42:38 +0000},
	Date-Modified = {2017-03-24 00:42:38 +0000},
	Doi = {10.1103/PhysRevLett.113.052302},
	Eprint = {1404.1433},
	Journal = {Phys. Rev. Lett.},
	Pages = {052302},
	Primaryclass = {nucl-ex},
	Slaccitation = {%%CITATION = ARXIV:1404.1433;%%},
	Title = {{Beam-energy dependence of charge separation along the magnetic field in Au+Au collisions at RHIC}},
	Volume = {113},
	Year = {2014},
	Bdsk-Url-1 = {http://dx.doi.org/10.1103/PhysRevLett.113.052302}}

@article{Adamczyk:2013hsi,
	Archiveprefix = {arXiv},
	Author = {Adamczyk, L. and others},
	Collaboration = {STAR},
	Date-Added = {2017-03-24 00:41:52 +0000},
	Date-Modified = {2017-03-24 00:41:52 +0000},
	Doi = {10.1103/PhysRevC.88.064911},
	Eprint = {1302.3802},
	Journal = {Phys. Rev.},
	Number = {6},
	Pages = {064911},
	Primaryclass = {nucl-ex},
	Slaccitation = {%%CITATION = ARXIV:1302.3802;%%},
	Title = {{Fluctuations of charge separation perpendicular to the event plane and local parity violation in $\sqrt{s_{NN}}=200$ GeV Au+Au collisions at the BNL Relativistic Heavy Ion Collider}},
	Volume = {C88},
	Year = {2013},
	Bdsk-Url-1 = {http://dx.doi.org/10.1103/PhysRevC.88.064911}}

@article{Floerchinger:2009uf,
	Archiveprefix = {arXiv},
	Author = {Floerchinger, S. and Wetterich, C.},
	Doi = {10.1016/j.physletb.2009.09.014},
	Eprint = {0905.0915},
	Journal = {Phys. Lett.},
	Pages = {371-376},
	Primaryclass = {hep-th},
	Slaccitation = {%%CITATION = ARXIV:0905.0915;%%},
	Title = {{Exact flow equation for composite operators}},
	Volume = {B680},
	Year = {2009},
	Bdsk-Url-1 = {https://doi.org/10.1016/j.physletb.2009.09.014}}

@article{Abelev:2012pa,
	Archiveprefix = {arXiv},
	Author = {Abelev, Betty and others},
	Collaboration = {ALICE},
	Date-Added = {2017-03-24 00:40:57 +0000},
	Date-Modified = {2017-03-24 00:40:57 +0000},
	Doi = {10.1103/PhysRevLett.110.012301},
	Eprint = {1207.0900},
	Journal = {Phys. Rev. Lett.},
	Number = {1},
	Pages = {012301},
	Primaryclass = {nucl-ex},
	Reportnumber = {CERN-PH-EP-2012-183},
	Slaccitation = {%%CITATION = ARXIV:1207.0900;%%},
	Title = {{Charge separation relative to the reaction plane in Pb-Pb collisions at $\sqrt{s_{NN}}= 2.76$ TeV}},
	Volume = {110},
	Year = {2013},
	Bdsk-Url-1 = {http://dx.doi.org/10.1103/PhysRevLett.110.012301}}

@article{Abelev:2009ad,
	Archiveprefix = {arXiv},
	Author = {Abelev, B. I. and others},
	Collaboration = {STAR},
	Date-Added = {2017-03-24 00:40:13 +0000},
	Date-Modified = {2017-03-24 00:40:13 +0000},
	Doi = {10.1103/PhysRevC.81.054908},
	Eprint = {0909.1717},
	Journal = {Phys. Rev.},
	Pages = {054908},
	Primaryclass = {nucl-ex},
	Slaccitation = {%%CITATION = ARXIV:0909.1717;%%},
	Title = {{Observation of charge-dependent azimuthal correlations and possible local strong parity violation in heavy ion collisions}},
	Volume = {C81},
	Year = {2010},
	Bdsk-Url-1 = {http://dx.doi.org/10.1103/PhysRevC.81.054908}}

@article{Abelev:2009ac,
	Archiveprefix = {arXiv},
	Author = {Abelev, B. I. and others},
	Collaboration = {STAR},
	Date-Added = {2017-03-24 00:38:38 +0000},
	Date-Modified = {2017-03-24 00:38:38 +0000},
	Doi = {10.1103/PhysRevLett.103.251601},
	Eprint = {0909.1739},
	Journal = {Phys. Rev. Lett.},
	Pages = {251601},
	Primaryclass = {nucl-ex},
	Slaccitation = {%%CITATION = ARXIV:0909.1739;%%},
	Title = {{Azimuthal Charged-Particle Correlations and Possible Local Strong Parity Violation}},
	Volume = {103},
	Year = {2009},
	Bdsk-Url-1 = {http://dx.doi.org/10.1103/PhysRevLett.103.251601}}

@article{PhysRevD.26.1453,
	Author = {Cornwall, John M.},
	Doi = {10.1103/PhysRevD.26.1453},
	Issue = {6},
	Journal = {Phys. Rev. D},
	Month = {Sep},
	Numpages = {0},
	Pages = {1453--1478},
	Publisher = {American Physical Society},
	Title = {Dynamical mass generation in continuum quantum chromodynamics},
	Url = {https://link.aps.org/doi/10.1103/PhysRevD.26.1453},
	Volume = {26},
	Year = {1982},
	Bdsk-Url-1 = {https://link.aps.org/doi/10.1103/PhysRevD.26.1453},
	Bdsk-Url-2 = {https://doi.org/10.1103/PhysRevD.26.1453}}

@article{Aguilar:2011ux,
	Archiveprefix = {arXiv},
	Author = {Aguilar, A. C. and Binosi, D. and Papavassiliou, J.},
	Doi = {10.1103/PhysRevD.84.085026},
	Eprint = {1107.3968},
	Journal = {Phys. Rev.},
	Pages = {085026},
	Primaryclass = {hep-ph},
	Slaccitation = {%%CITATION = ARXIV:1107.3968;%%},
	Title = {{The dynamical equation of the effective gluon mass}},
	Volume = {D84},
	Year = {2011},
	Bdsk-Url-1 = {https://doi.org/10.1103/PhysRevD.84.085026}}

@article{Aguilar:2011xe,
	Archiveprefix = {arXiv},
	Author = {Aguilar, A. C. and Ibanez, D. and Mathieu, V. and Papavassiliou, J.},
	Doi = {10.1103/PhysRevD.85.014018},
	Eprint = {1110.2633},
	Journal = {Phys. Rev.},
	Pages = {014018},
	Primaryclass = {hep-ph},
	Slaccitation = {%%CITATION = ARXIV:1110.2633;%%},
	Title = {{Massless bound-state excitations and the Schwinger mechanism in QCD}},
	Volume = {D85},
	Year = {2012},
	Bdsk-Url-1 = {https://doi.org/10.1103/PhysRevD.85.014018}}

@article{Fukushima:2012xw,
	Archiveprefix = {arXiv},
	Author = {Fukushima, Kenji and Pawlowski, Jan M.},
	Date-Added = {2017-03-23 09:12:28 +0000},
	Date-Modified = {2017-03-23 09:12:28 +0000},
	Doi = {10.1103/PhysRevD.86.076013},
	Eprint = {1203.4330},
	Journal = {Phys. Rev.},
	Pages = {076013},
	Primaryclass = {hep-ph},
	Slaccitation = {%%CITATION = ARXIV:1203.4330;%%},
	Title = {{Magnetic catalysis in hot and dense quark matter and quantum fluctuations}},
	Volume = {D86},
	Year = {2012},
	Bdsk-Url-1 = {http://dx.doi.org/10.1103/PhysRevD.86.076013}}

@article{Kugo:1979gm,
	Author = {Kugo, Taichiro and Ojima, Izumi},
	Journal = {Prog. Theor. Phys. Suppl.},
	Owner = {axm},
	Pages = {1},
	Slaccitation = {%%CITATION = PTPSA,66,1;%%},
	Timestamp = {2010.06.28},
	Title = {{Local Covariant Operator Formalism of Nonabelian Gauge Theories and Quark Confinement Problem}},
	Volume = {66},
	Year = {1979}}

@article{Gribov:1977wm,
	Author = {Gribov, V. N.},
	Doi = {10.1016/0550-3213(78)90175-X},
	Journal = {Nucl. Phys.},
	Pages = {1},
	Slaccitation = {%%CITATION = NUPHA,B139,1;%%},
	Title = {{Quantization of non-Abelian gauge theories}},
	Volume = {B139},
	Year = {1978},
	Bdsk-Url-1 = {https://doi.org/10.1016/0550-3213(78)90175-X}}

@article{Zwanziger:2003cf,
	Archiveprefix = {arXiv},
	Author = {Zwanziger, Daniel},
	Doi = {10.1103/PhysRevD.69.016002},
	Eprint = {hep-ph/0303028},
	Journal = {Phys. Rev.},
	Owner = {axm},
	Pages = {016002},
	Slaccitation = {%%CITATION = HEP-PH/0303028;%%},
	Timestamp = {2010.09.08},
	Title = {{Non-perturbative Faddeev-Popov formula and infrared limit of QCD}},
	Volume = {D69},
	Year = {2004},
	Bdsk-Url-1 = {https://doi.org/10.1103/PhysRevD.69.016002}}
