%% This BibTeX bibliography file was created using BibDesk.

@article{Luo:2015ewa,
	Archiveprefix = {arXiv},
	Author = {Luo, Xiaofeng},
	Booktitle = {{Proceedings, 9th International Workshop on Critical Point and Onset of Deconfinement (CPOD 2014): Bielefeld, Germany, November 17-21, 2014}},
	Collaboration = {STAR},
	Date-Added = {2018-01-07 12:34:13 +0000},
	Date-Modified = {2018-01-07 12:34:13 +0000},
	Eprint = {1503.02558},
	Journal = {PoS},
	Pages = {019},
	Primaryclass = {nucl-ex},
	Slaccitation = {%%CITATION = ARXIV:1503.02558;%%},
	Title = {{Energy Dependence of Moments of Net-Proton and Net-Charge Multiplicity Distributions at STAR}},
	Volume = {CPOD2014},
	Year = {2015}}

@article{Adamczyk:2013dal,
	Archiveprefix = {arXiv},
	Author = {Adamczyk, L. and others},
	Collaboration = {STAR},
	Date-Added = {2018-01-07 12:33:13 +0000},
	Date-Modified = {2018-01-07 12:33:13 +0000},
	Doi = {10.1103/PhysRevLett.112.032302},
	Eprint = {1309.5681},
	Journal = {Phys. Rev. Lett.},
	Pages = {032302},
	Primaryclass = {nucl-ex},
	Slaccitation = {%%CITATION = ARXIV:1309.5681;%%},
	Title = {{Energy Dependence of Moments of Net-proton Multiplicity Distributions at RHIC}},
	Volume = {112},
	Year = {2014},
	Bdsk-Url-1 = {https://dx.doi.org/10.1103/PhysRevLett.112.032302}}



@article{Luo:2017faz,
	Archiveprefix = {arXiv},
	Author = {Luo, Xiaofeng and Xu, Nu},
	Date-Added = {2017-12-28 09:15:05 +0000},
	Date-Modified = {2017-12-28 09:15:05 +0000},
	Doi = {10.1007/s41365-017-0257-0},
	Eprint = {1701.02105},
	Journal = {Nucl. Sci. Tech.},
	Number = {8},
	Pages = {112},
	Primaryclass = {nucl-ex},
	Slaccitation = {%%CITATION = ARXIV:1701.02105;%%},
	Title = {{Search for the QCD Critical Point with Fluctuations of Conserved Quantities in Relativistic Heavy-Ion Collisions at RHIC : An Overview}},
	Volume = {28},
	Year = {2017},
	Bdsk-Url-1 = {https://dx.doi.org/10.1007/s41365-017-0257-0}}

@article{Skokov:2010sf,
      author         = "Skokov, V. and Friman, B. and Nakano, E. and Redlich, K.
                        and Schaefer, B. -J.",
      title          = "{Vacuum fluctuations and the thermodynamics of chiral
                        models}",
      journal        = "Phys. Rev.",
      volume         = "D82",
      year           = "2010",
      pages          = "034029",
      doi            = "10.1103/PhysRevD.82.034029",
      eprint         = "1005.3166",
      archivePrefix  = "arXiv",
      primaryClass   = "hep-ph",
      reportNumber   = "CERN-PH-TH-2010-106",
      SLACcitation   = "%%CITATION = ARXIV:1005.3166;%%"
}

@article{Fu:2015naa,
      author         = "Fu, Wei-jie and Pawlowski, Jan M.",
      title          = "{Relevance of matter and glue dynamics for baryon number
                        fluctuations}",
      journal        = "Phys. Rev.",
      volume         = "D92",
      year           = "2015",
      number         = "11",
      pages          = "116006",
      doi            = "10.1103/PhysRevD.92.116006",
      eprint         = "1508.06504",
      archivePrefix  = "arXiv",
      primaryClass   = "hep-ph",
      SLACcitation   = "%%CITATION = ARXIV:1508.06504;%%"
}

@article{Bazavov:2017dus,
      author         = "Bazavov, A. and others",
      title          = "{The QCD Equation of State to $\mathcal{O}(\mu_B^6)$ from
                        Lattice QCD}",
      journal        = "Phys. Rev.",
      volume         = "D95",
      year           = "2017",
      number         = "5",
      pages          = "054504",
      doi            = "10.1103/PhysRevD.95.054504",
      eprint         = "1701.04325",
      archivePrefix  = "arXiv",
      primaryClass   = "hep-lat",
      SLACcitation   = "%%CITATION = ARXIV:1701.04325;%%"
}

@article{Bazavov:2017tot,
      author         = "Bazavov, A. and others",
      title          = "{Skewness and kurtosis of net baryon-number distributions
                        at small values of the baryon chemical potential}",
      collaboration  = "HotQCD",
      journal        = "Phys. Rev.",
      volume         = "D96",
      year           = "2017",
      number         = "7",
      pages          = "074510",
      doi            = "10.1103/PhysRevD.96.074510",
      eprint         = "1708.04897",
      archivePrefix  = "arXiv",
      primaryClass   = "hep-lat",
      SLACcitation   = "%%CITATION = ARXIV:1708.04897;%%"
}

@article{Borsanyi:2013hza,
      author         = "Borsanyi, S. and Fodor, Z. and Katz, S. D. and Krieg, S.
                        and Ratti, C. and Szabo, K. K.",
      title          = "{Freeze-out parameters: lattice meets experiment}",
      journal        = "Phys. Rev. Lett.",
      volume         = "111",
      year           = "2013",
      pages          = "062005",
      doi            = "10.1103/PhysRevLett.111.062005",
      eprint         = "1305.5161",
      archivePrefix  = "arXiv",
      primaryClass   = "hep-lat",
      SLACcitation   = "%%CITATION = ARXIV:1305.5161;%%"
}


@article{Wetterich:1992yh,
      author         = "Wetterich, Christof",
      title          = "{Exact evolution equation for the effective potential}",
      journal        = "Phys. Lett.",
      volume         = "B301",
      year           = "1993",
      pages          = "90-94",
      doi            = "10.1016/0370-2693(93)90726-X",
      eprint         = "1710.05815",
      archivePrefix  = "arXiv",
      primaryClass   = "hep-th",
      reportNumber   = "HD-THEP-92-61",
      SLACcitation   = "%%CITATION = ARXIV:1710.05815;%%"
}

